2020 3132
192 165 262 220 20
724 164 772 210 L.
806 163 1040 210 ANNAEI
1073 162 1346 211 SENECAE

131 319 155 357 2
191 305 327 357 data.
376 303 546 366 Quare
572 303 617 355 si
643 303 763 371 quis
794 303 1067 356 existimat
1089 321 1203 371 nOS,
1228 321 1349 356 cum
1375 303 1478 355 ista
1510 303 1881 372 praecipimUS,

190 378 540 449 benignitatis
581 378 715 430 fines
753 378 1018 431 introrsus
1058 377 1255 431 referre
1288 381 1340 429 et
1373 377 1453 430 illi
1494 378 1669 430 minus
1700 378 1881 430 laxum

190 452 419 506 limitem
453 453 680 521 aperire,
712 470 777 504 ne
810 470 1084 520 perperam
1126 451 1451 504 monitiones
1483 454 1694 504 nostras
1729 470 1882 504 exau-

190 528 279 580 dit.
331 526 502 590 Quam
534 527 675 578 enim
709 527 963 579 virtutem
995 526 1168 596 magis
1202 527 1552 579 veneramur?
1593 526 1677 578 cui
1710 528 1881 596 magis

191 601 438 654 stimulos
471 601 754 653 addimus?
796 601 1057 669 quibusve
1089 604 1200 653 tam
1241 601 1492 653 convenit
1529 599 1661 654 haec
1693 600 1882 652 adhor-
1929 624 1948 655 5

191 676 325 729 tatio
360 694 520 744 quam
551 675 707 728 nobis
748 674 1059 728 societatem
1100 675 1311 746 generis
1350 674 1570 727 humani
1604 674 1882 727 sancienti-

134 765 158 803 3
195 751 330 803 bus‘?
371 750 509 812 Quid
542 768 670 820 ergo
705 750 820 802 est?
862 749 996 802 Cum
1029 749 1100 802 sit
1138 752 1287 802 nulla
1326 750 1551 802 honesta
1582 749 1662 802 vis
1702 750 1882 818 animi,

189 825 350 878 etiam
385 825 429 876 si
463 844 493 877 a
538 828 682 876 recta
714 824 991 876 voluntate
1034 825 1256 893 incepit,
1300 824 1404 876 nisi
1438 843 1597 892 quam
1630 823 1879 876 virtutem

187 900 378 952 modus
426 899 574 968 fecit,
621 902 743 952 veto
789 898 1171 951 liberalitatem
1218 900 1479 967 nepotari.
1540 898 1690 950 Tunc
1736 898 1884 951 iuvat

103 998 107 1002 ·
188 975 452 1043 accepisse
499 972 816 1026 beneficium
863 977 916 1026 et
956 973 1164 1042 supinis
1213 973 1427 1042 quidem
1476 972 1744 1042 manibuS,
1788 973 1882 1026 ubi
1909 994 1950 1027 ιο

187 1050 323 1102 illud
366 1049 504 1101 ratio
550 1048 614 1100 ad
659 1047 850 1118 dignos
894 1047 1162 1116 perducit,
1204 1066 1314 1100 non
1358 1047 1600 1117 quolibet
1643 1065 1796 1101 casus
1829 1050 1882 1100 et

188 1123 402 1176 consilii
434 1123 680 1193 indigens
714 1123 927 1192 inpetus
960 1122 1148 1192 defert3
1190 1123 1333 1191 quod
1366 1125 1633 1175 ostentare
1664 1122 1798 1175 libet
1829 1125 1883 1174 et

127 1212 154 1249 4
186 1198 473 1251 inscribere
521 1197 640 1251 sibi.
695 1197 963 1250 Beneficia
1001 1200 1062 1249 tu
1108 1214 1289 1265 vocas,
1337 1215 1564 1265 quorum
1609 1199 1880 1250 auctorem

185 1273 342 1325 fateri
375 1273 576 1342 pudet?
608 1271 683 1324 At
707 1272 802 1324 issa
833 1276 1033 1341 quanto
1067 1272 1305 1342 gratiora
1329 1275 1454 1323 sunt
1487 1275 1793 1340 quantoque
1826 1271 1882 1323 in

187 1351 393 1416 partem
427 1347 735 1400 interiorem
770 1346 935 1399 animi
968 1365 1264 1415 numquam
1298 1345 1506 1399 exitura
1539 1346 1880 1415 descendunt,
1908 1369 1948 1401 15

187 1440 307 1474 cum
353 1422 618 1475 delectant
661 1422 983 1491 cogitantem
1029 1422 1200 1492 magis
1233 1441 1263 1474 a
1297 1439 1402 1490 quo
1445 1439 1608 1489 quam
1641 1420 1769 1489 quid
1802 1438 1883 1473 ac-

128 1511 153 1548 5
189 1497 428 1566 ceperis?
464 1495 681 1565 Crispus
706 1495 991 1548 Passienus
1025 1495 1232 1549 solebat
1257 1495 1428 1548 dicere
1461 1495 1796 1565 quorundam
1829 1513 1883 1547 se

186 1572 440 1624 iudicium
476 1573 635 1625 malle
661 1590 819 1639 quam
846 1570 1179 1639 beneficium,
1205 1570 1539 1638 quorundam
1565 1569 1883 1623 beneficium

185 1648 344 1698 malle
393 1664 552 1714 quam
601 1646 881 1714 iudicium,
937 1648 990 1697 et
1037 1645 1339 1697 subiciebat
1386 1645 1650 1713 exempla:
1699 1643 1881 1696 ‘Malo'

183 1721 362 1773 aiebat
397 1720 525 1773 ‘divi
552 1719 786 1790 Augusti
818 1719 1090 1789 iudicium,
1120 1714 1262 1773 malo
1290 1718 1499 1772 Claudii
1530 1719 1882 1772 beneficium.'
1909 1742 1951 1774 20

124 1810 148 1848 6
185 1795 304 1865 Ego
353 1813 478 1848 vero
529 1795 731 1847 nuUius
780 1797 913 1863 puto
969 1794 1324 1863 expetendum
1381 1812 1494 1846 esse
1548 1793 1882 1863 beneficium,

183 1871 334 1922 cuius
367 1870 471 1923 vile
505 1869 762 1922 iudicium
796 1872 889 1922 est.
942 1868 1082 1932 Quid
1115 1869 1279 1938 ergo?
1320 1887 1430 1921 non
1470 1871 1583 1920 erat
1623 1867 1880 1936 accipien-

183 1945 309 1997 dum
335 1964 365 1996 a
390 1942 630 2013 Claudio,
665 1944 808 2013 quod
841 1944 1102 1997 dabatur?
1135 1943 1283 2012 Erat,
1309 1943 1401 1997 sed
1427 1943 1566 1996 sicut
1589 1961 1620 1994 a
1647 1942 1879 2011 fortuna,

183 2038 344 2088 quam
378 2019 539 2071 scires
570 2037 729 2087 posse
762 2019 944 2072 statim
990 2018 1185 2070 malam
1233 2019 1362 2070 fieri.
1413 2016 1552 2080 Quid
1594 2017 1699 2070 ista
1740 2018 1880 2070 inter

183 2113 238 2145 se
270 2094 438 2146 mixta
470 2093 798 2146 dividimus?
829 2091 957 2146 Non
988 2096 1069 2146 est
1100 2092 1435 2161 beneficium,
1468 2091 1554 2147 cui
1588 2091 1736 2144 deest
1759 2111 1882 2160 pars
1907 2115 1948 2148 25

255 2294 276 2328 1
320 2285 424 2342 quis
469 2289 506 2341 (s
538 2286 591 2330 in
633 2300 723 2331 ras.
756 2300 814 2330 m.
845 2288 893 2342 2)
926 2289 965 2328 N
1081 2285 1316 2329 existimet
1357 2298 1442 2328 nos
1486 2298 1591 2327 cum
1633 2283 1881 2340 incipimus

181 2345 284 2389 ben.
319 2350 363 2388 M
484 2354 506 2388 2
538 2345 687 2389 latum
719 2346 834 2391 Bhr.
964 2353 987 2387 3
1019 2359 1076 2388 ne
1109 2344 1264 2404 (ille)
1300 2344 1435 2389 Gertz
1538 2343 1882 2387 admonitiones

182 2404 244 2447 N³
337 2404 561 2449 exaudiat
592 2409 622 2448 0
655 2419 769 2450 corr.
795 2422 829 2448 ω
937 2413 959 2448 5
993 2404 1070 2448 uel
1100 2404 1329 2449 adicimus
1361 2404 1507 2449 adscr.
1532 2403 1595 2446 15³
1700 2411 1724 2445 θ
1755 2402 1880 2446 hum.

181 2464 365 2520 generis
399 2469 475 2507 GP
606 2473 629 2507 8
660 2465 885 2508 uirtutem
926 2464 1091 2508 modus
1123 2465 1185 2506 Νι
1229 2464 1461 2508 uirtutum
1503 2464 1658 2507 motus
1690 2462 1792 2505 ΝΞΟ

182 2533 227 2566 10
252 2526 306 2568 ut
329 2523 508 2581 supinis
533 2529 577 2566 M
669 2533 711 2567 11
737 2524 938 2580 quilibet
961 2529 995 2566 Ρ
1032 2523 1058 2566 l
1082 2524 1207 2580 quo'd
1239 2523 1358 2567 liber
1381 2537 1437 2568 ss.
1457 2522 1518 2565 1³²³
1613 2530 1659 2564 12
1685 2521 1883 2581 desssfert

184 2585 280 2640 (sub
313 2598 404 2628 ras.
437 2584 461 2626 f
467 2589 482 2640 )
506 2589 545 2626 N
578 2583 736 2628 differt
761 2589 796 2627 G
892 2592 938 2626 14
970 2585 1106 2640 putet
1129 2584 1190 2626 11¹
1281 2583 1503 2641 grauiora
1526 2582 1587 2624 3¹
1677 2590 1724 2624 16
1757 2581 1881 2638 cum]

182 2656 305 2698 quae
341 2643 475 2688 Gertz
583 2644 819 2700 acceperit
848 2648 893 2685 Μ
1030 2652 1078 2686 20
1111 2642 1269 2686 'claudi
1301 2643 1363 2685 Νι
1498 2650 1543 2684 21
1574 2642 1686 2698 peto
1717 2641 1779 2683 Ν]

180 2711 227 2744 22
270 2702 368 2746 uite
410 2707 535 2746 NGP
580 2703 710 2747 uitae
753 2703 914 2746 N2RM
960 2703 1037 2746 uel
1079 2703 1174 2746 uile
1205 2717 1260 2748 ss.
1298 2702 1356 2744 θ’
1386 2701 1636 2744 uitandum
1669 2700 1777 2742 Nssv

180 2770 228 2804 23
261 2762 492 2806 dabatur?
526 2762 852 2820 accipiendum
878 2764 992 2806 erat.
1027 2762 1116 2806 Sed
1141 2762 1237 2806 tale
1262 2762 1354 2805 fuit
1384 2759 1667 2805 beneficium
1701 2773 1728 2803 a
1754 2759 1883 2803 clau-

181 2821 257 2865 dio
290 2821 616 2878 accipiendum
640 2822 778 2879 quale
811 2824 881 2866 est
911 2836 1078 2865 munus
1102 2822 1332 2876 fortunae,
1358 2820 1483 2877 quod
1508 2833 1612 2864 raro
1641 2820 1884 2876 permanet

180 2880 349 2924 stabile
393 2882 475 2925 sed
518 2896 698 2938 semper
730 2883 800 2926 est
842 2880 1155 2938 periculosum
1198 2895 1251 2925 ac
1284 2879 1527 2932 mutabile,
1577 2879 1698 2922 sicut
1731 2892 1759 2921 a
1792 2878 1879 2922 for-

179 2942 294 2984 tuna
326 2946 403 2986 etc.
435 2946 480 2983 M
523 2941 605 2985 sed
638 2942 773 2998 quasi
806 2954 834 2983 a
867 2946 901 2984 G
1033 2950 1080 2984 24
1114 2941 1276 2985 statim
1308 2954 1445 2996 posse
1479 2944 1560 2982 GP
1664 2938 1791 2982 mala
1823 2938 1883 2980 Νι

256 3000 388 3054 Quod
421 3005 464 3043 Μ
608 3011 655 3044 25
689 3004 759 3044 est
792 3015 904 3046 eras.
931 3000 993 3043 ΙΨ
1022 3002 1100 3045 sed
1132 3001 1295 3046 iterum
1326 3014 1381 3044 ss.
1416 2999 1479 3042 ΝΒ
