2020 3132
755 135 1098 180 PRAEFATIO
1652 136 1781 182 XXV

84 280 124 328 Ε
137 279 308 328 Bickel
322 279 402 327 De
413 279 716 328 Merobaude
727 279 970 327 imitatore
978 277 1188 327 Senecae
1198 279 1326 326 Mus,
1339 278 1492 327 Rhen.
1504 279 1574 326 60
1585 272 1639 345 (1
1650 271 1780 345 905)

81 429 130 477 H
139 429 406 477 Bluemner
421 427 499 476 Zu
514 427 697 477 Seneca
712 427 1109 477 Wissenschaftl.
1129 427 1517 476 Monatsblatter
1536 429 1565 476 6
1585 421 1781 495 (1878)

191 520 237 566 p.
265 504 369 551 157

76 578 119 627 Α
132 578 395 642 Bourgery
409 576 511 626 Sur
534 577 583 626 la
598 591 749 638 prose
771 577 1004 637 me'trique
1019 576 1079 626 de
1093 575 1310 638 Se'neque
1333 577 1501 626 Revue
1527 577 1588 626 de
1604 577 1782 628 Philol.

76 755 149 762 —
172 727 324 776 Notes
345 645 572 788 critignes
593 741 683 775 sur
694 725 738 774 le
755 728 875 775 texte
891 725 949 774 de
964 725 1179 788 Se'neque
1202 725 1322 775 ibid.
1339 727 1406 775 37
1435 719 1632 794 (1913)
1649 744 1695 790 p.
1714 729 1779 777 95

80 802 379 851 CBrakman
397 800 696 850 Ammianea
721 804 765 849 et
785 800 1069 850 Annaeana
1090 800 1326 866 Lugduni
1354 803 1495 850 1909

79 877 111 925 J
123 877 262 925 Buck
293 875 373 924 vd.
398 893 445 939 p.
471 875 517 922 V
542 876 653 925 adn.
674 878 705 923 2

79 951 375 1015 FXBurger
396 952 654 999 Minucius
677 951 821 1000 Felix
845 952 949 1000 und
970 950 1153 1000 Seneca
1177 951 1423 1000 Miinchen
1453 952 1596 1000 1904

77 1027 107 1075 J
118 1026 152 1074 J
163 1025 474 1076 Cornelissen
501 1025 822 1075 Coniectanea
846 1026 1002 1074 latina
1035 1026 1342 1075 Daventriae
1370 1026 1514 1076 1870

77 1101 124 1152 J.
134 1101 195 1150 de
210 1100 403 1150 Decker
418 1100 466 1150 Α
474 1115 659 1162 propos
682 1095 833 1149 d'ume
856 1101 1151 1162 epiqramrnc
1174 1104 1337 1150 contre
1351 1101 1412 1149 N
1406 1101 1522 1150 e'ron
1537 1102 1706 1150 Revue
1723 1101 1783 1150 de

191 1175 522 1225 l'instruction
554 1174 795 1238 publique
826 1191 887 1223 en
919 1174 1167 1240 Belgique
1194 1177 1261 1224 53
1297 1169 1494 1243 (1910)
1525 1193 1572 1239 p.
1603 1177 1708 1224 134

79 1251 312 1300 HDeiter
334 1251 440 1300 Der
454 1249 823 1299 Amsterdamer
841 1249 999 1299 Codex
1017 1251 1088 1299 80
1107 1250 1283 1299 Philol.
1305 1251 1370 1299 51
1394 1243 1590 1318 (1892)
1608 1267 1655 1314 p.
1676 1253 1778 1300 361

79 1326 119 1375 L
130 1325 342 1375 Dorison
360 1325 490 1387 Quid
504 1326 564 1374 de
579 1325 828 1375 clmentia
843 1327 1047 1374 senserit
1060 1326 1121 1374 L.
1132 1323 1195 1374 A.
1211 1310 1395 1375 Se‘neca
1412 1324 1620 1374 Gadomi
1640 1329 1665 1374 1
1676 1328 1780 1375 892

79 1400 274 1450 AElias
299 1401 376 1450 De
404 1402 596 1449 notione
625 1401 755 1449 vocis
778 1401 1030 1449 elementia
1052 1400 1190 1461 apud
1204 1401 1518 1461 philosophos
1541 1404 1719 1450 veteres
1744 1405 1786 1450 et

190 1475 250 1524 de
271 1476 488 1537 fontibus
501 1475 708 1524 Senecae
730 1476 968 1524 librorwm
991 1475 1050 1523 de
1066 1476 1318 1524 clementia
1333 1475 1618 1540 Regimonti
1640 1478 1780 1526 1912

79 1543 402 1617 AEQmsner)
433 1548 643 1599 Literar.
670 1549 1006 1599 Centralblatt
1033 1550 1173 1600 1877
1200 1567 1246 1614 p.
1276 1551 1380 1599 793

79 1625 111 1674 J
124 1625 396 1674 Feldmann
430 1624 798 1673 Observationes
822 1625 889 1674 ad
911 1625 1143 1675 Senecam
1166 1626 1358 1674 criticae
1382 1624 1609 1674 Ostrowo
1638 1626 1778 1674 1887

79 1699 285 1749 NFesta.
308 1701 376 1748 In
391 1700 454 1748 L.
472 1697 534 1748 A.
558 1700 767 1749 Senecae
791 1701 850 1749 de
885 1701 1127 1760 beneficiis
1161 1701 1310 1749 libros
1334 1700 1782 1750 animadversiones

190 1775 442 1824 criticaein
454 1774 599 1824 Studi
606 1775 807 1823 italiani
816 1774 1126 1840 diFilologia.
1135 1775 1343 1824 classica
1353 1777 1384 1824 8
1400 1768 1455 1842 (1
1465 1769 1597 1843 900)
1614 1793 1662 1838 p.
1675 1777 1742 1824 42
1751 1779 1779 1825 9

80 1849 392 1899 HNFowler
426 1850 526 1898 The
555 1863 748 1899 sources
786 1851 844 1911 of
866 1849 976 1901 Sen.
1010 1850 1069 1899 de
1106 1851 1208 1900 ben.
1241 1850 1590 1914 Proceedings·
1611 1851 1667 1899 of
1700 1851 1784 1900 the

192 1924 457 1974 American
481 1924 608 1974 Phil.
634 1924 953 1975 Association
981 1925 1121 1974 1886
1154 1942 1203 1988 p.
1227 1925 1299 1973 IX

80 1998 348 2050 WGemoll
364 2000 492 2050 Kn't.
510 2000 881 2061 Bemerkwnyen
903 2015 966 2050 zu
981 2000 1062 2050 lat.
1080 1999 1459 2062 Schriftstellern
1470 1999 1697 2065 Liegniizz
1715 2002 1784 2050 90

79 2073 324 2124 AGercke
353 2074 730 2125 Senecastudien
755 2074 988 2125 Fleckeis.
1015 2091 1130 2124 ann.
1156 2074 1329 2139 Suppl.
1359 2077 1426 2123 22
1460 2068 1659 2143 (1895)
1683 2093 1729 2139 p.
1753 2078 1778 2124 1

80 2147 336 2199 MCGertz
376 2143 600 2215 (praeter
644 2143 939 2217 editionem)
987 2150 1118 2199 Berl.
1151 2150 1325 2214 philol.
1360 2150 1710 2200 Wochensohr
1752 2153 1781 2200 9

193 2216 390 2291 (1889)
420 2241 468 2288 p.
495 2225 625 2286 3723
658 2225 764 2275 408

82 2298 215 2348 Feod
232 2297 508 2348 Gloeckner
533 2299 844 2361 Quae-stiones
868 2297 1177 2350 Annaeanae
1199 2299 1344 2349 Halis
1374 2301 1514 2350 1877

80 2401 154 2409 -
194 2373 273 2422 Zu
295 2372 478 2423 Seneca
507 2373 632 2424 Mus.
664 2374 819 2423 Rhen.
854 2375 922 2423 35
958 2367 1154 2443 (1880)
1185 2392 1233 2439 p.
1260 2376 1367 2425 484

80 2446 284 2498 HGoell
308 2447 387 2497 Zu
409 2447 591 2498 Seneca
615 2448 851 2498 Fleckeis.
878 2465 990 2500 ann.
1020 2451 1123 2500 125
1151 2444 1347 2518 (1882)
1379 2467 1427 2514 p.
1454 2450 1560 2499 865

81 2521 485 2573 GGundermann
520 2523 651 2587 apud
682 2523 824 2574 Buck

82 2597 324 2648 FrHaase
349 2597 428 2647 vd.
455 2600 506 2647 et
528 2597 763 2648 editionis
789 2599 886 2649 vol.
911 2598 988 2648 111
1013 2601 1165 2664 praef.
1192 2599 1330 2648 XXV

84 2671 121 2723 C
131 2672 396 2722 Haeberlin
417 2673 729 2735 Quaestiones
746 2675 939 2724 criticae
953 2675 1008 2723 in
1019 2674 1079 2723 L.
1090 2674 1154 2724 A.
1167 2674 1376 2725 Senecae
1392 2676 1451 2726 de
1467 2676 1617 2739 benef.
1636 2676 1786 2726 libros

194 2747 318 2797 Mus.
351 2747 504 2796 Rhen.
533 2749 601 2798 45
636 2741 832 2815 (1890)
864 2765 909 2813 p.
939 2750 1004 2799 21

83 2821 485 2872 HHammeh-ath
521 2822 1176 2874 Grammatisch-suustische
1208 2825 1428 2887 Beitrdqe
1457 2840 1519 2875 zu
1550 2825 1644 2874 den
1665 2839 1784 2887 pro-

192 2897 414 2947 saischen
435 2895 677 2959 Schriften
700 2899 784 2947 des
807 2898 870 2947 L.
895 2897 959 2947 A.
982 2897 1163 2949 Seneca
1196 2899 1475 2949 Emmerich
1505 2901 1645 2949 1895

83 2970 318 3036 MHaupt
338 2972 575 3034 opuscula
598 2971 797 3036 Lipsiae
827 2967 1020 3039 1875]ss
