2020 3132
184 81 251 133 72
715 79 763 122 L.
798 77 1034 121 ANNAEI
1065 77 1339 123 SENECAE

179 215 317 268 ritur
356 214 520 278 enim,
568 231 636 266 an
678 212 965 282 aliquando
1005 212 1163 265 liberi
1208 212 1410 266 maiora
1456 213 1712 267 beneficia
1753 214 1875 266 dare

181 288 495 357 parentibus
527 288 638 340 suis
671 286 897 356 possint,
931 303 1092 354 quam
1126 288 1440 354 acceperint.

252 362 394 415 Illud
426 362 735 414 conceditur
767 360 965 412 multos
997 359 1139 412 filios
1171 360 1399 414 maiores
1438 361 1875 430 potentioresque

179 437 422 489 extitisse
463 455 622 505 quam
669 440 918 505 parentes
959 450 1106 502 suos3
1156 452 1321 503 aeque
1354 438 1407 487 et
1445 435 1581 488 illud
1627 436 1874 488 meliores

178 511 358 564 fuisse.
406 509 560 572 Quod
592 510 638 562 si
670 511 902 577 constat,
941 511 1120 578 potest
1151 509 1292 580 fieri,
1321 513 1382 562 ut
1413 509 1634 563 meliora
1672 511 1870 562 tribue-

178 585 303 652 rint,
338 603 457 637 cum
483 587 536 636 et
567 585 785 637 fortuna
810 583 918 635 illis
949 583 1120 635 maior
1143 586 1282 635 esset
1307 587 1360 636 et
1384 584 1575 636 melior
1607 585 1869 638 voluntas.

181 658 494 727 ‘Quidquid’
530 659 708 727 inquit
739 657 862 726 τ0813,
899 657 1042 725 quod
1075 657 1165 709 det
1195 659 1337 726 patri
1368 658 1534 727 filius,
1566 659 1751 728 utique
1783 659 1879 711 mi-

180 752 280 785 nus
313 737 408 802 est,
453 733 579 802 quia
610 733 748 785 hanc
780 732 950 801 ipsam
984 731 1144 784 dandi
1181 732 1493 786 facultatem
1532 734 1673 802 patri
1706 733 1875 786 debet.

179 806 263 860 Ita
306 826 599 877 numquam
645 806 903 859 beneficio
944 805 1201 875 vincitur,
1245 806 1396 859 cuius
1439 808 1756 860 beneficium
1798 811 1879 860 est

180 882 376 950 ipsum,
395 882 538 950 quod
555 880 822 934 vincitur’.
872 879 1111 933 Primum
1138 882 1395 948 quaedam
1423 881 1637 934 initium
1667 882 1732 934 ab
1759 882 1878 934 aliis

179 956 402 1009 trahunt
434 960 487 1008 et
517 960 698 1008 tamen
733 954 903 1007 initiis
937 955 1048 1007 suis
1081 955 1285 1008 maiora
1316 959 1463 1026 sunt,
1502 974 1601 1009 nec
1633 956 1751 1008 ideo
1786 956 1879 1008 ali-

180 1031 309 1100 quid
342 1049 454 1083 non
485 1033 567 1083 est
598 1031 770 1083 maius
803 1047 864 1082 eo
875 1071 889 1098 ,
931 1047 1036 1098 quo
1077 1031 1278 1099 coepit,
1318 1030 1444 1099 quia
1474 1049 1584 1084 non
1615 1031 1881 1099 potuisset

183 1106 237 1157 in
271 1108 482 1158 tantum
514 1105 814 1174 procedere,
837 1103 942 1156 nisi
975 1104 1249 1172 coepisset.
1298 1104 1464 1158 Nulla
1487 1123 1596 1158 non
1621 1123 1707 1157 res
1732 1105 1879 1174 prin-

183 1180 324 1249 cipia
356 1198 451 1232 sua
483 1197 679 1250 magno
721 1178 890 1248 gradu
921 1179 1130 1232 transit.
1177 1177 1392 1232 Semina
1431 1180 1670 1232 omnium
1702 1197 1879 1232 rerum

180 1273 371 1307 causae
405 1258 529 1307 sunt
561 1257 613 1306 et
643 1257 824 1306 tamen
856 1253 1108 1305 minimae
1140 1257 1322 1322 partes
1355 1257 1481 1306 sunt
1513 1272 1712 1323 eorum,
1746 1272 1879 1323 quae

179 1329 426 1399 gignunt.
485 1328 718 1397 Adspice
757 1326 1027 1394 Rhenum,
1067 1327 1280 1397 adspice
1318 1327 1655 1397 Euphraten,
1696 1347 1879 1381 omnes

182 1403 410 1472 denique
442 1403 676 1455 inclutos
722 1420 927 1455 amnes:
971 1402 1099 1470 quid
1140 1405 1286 1471 sunt,
1327 1402 1370 1455 si
1403 1403 1527 1456 illos
1567 1403 1702 1472 11110,
1741 1403 1880 1455 1111ᾶο

183 1478 427 1547 effluunt,
460 1477 744 1530 aestimes?
794 1476 1053 1545 quidquid
1086 1480 1180 1545 est,
1207 1495 1313 1546 quo
1345 1476 1620 1546 timentur,
1653 1495 1759 1546 quo
1784 1495 1881 1530 no-

181 1552 477 1620 minantur,
510 1552 567 1604 111
605 1569 858 1621 processu
890 1555 1226 1620 paraverunt.
1273 1551 1504 1621 Adspice
1536 1553 1736 1621 trabes,
1770 1552 1881 1604 sive

181 1627 558 1696 proceritatem
613 1626 885 1693 aestimes,
941 1624 1254 1694 altissimae,
1309 1626 1420 1679 sive
1472 1626 1878 1680 crassitudinem

121 1700 125 1704 ⁴
181 1702 520 1770 spatiumque
567 1719 854 1768 ramorum,
900 1698 1162 1752 latissime
1210 1701 1381 1753 fusas:
1429 1701 1749 1770 quantulum
1798 1705 1880 1754 est

181 1777 265 1828 his
300 1779 651 1844 conparatum
684 1775 841 1843 illud,
882 1774 1026 1842 quod
1058 1775 1209 1827 radix
1241 1775 1391 1828 tenui
1423 1775 1558 1828 fibra
1590 1775 1879 1845 conplecti-

180 1851 304 1903 tur‘?
359 1849 511 1902 Tolle
565 1849 820 1902 radicem:
875 1867 1093 1902 nemora
1138 1867 1249 1902 non
1297 1853 1541 1920 surgent,
1595 1868 1693 1903 nec
1741 1851 1878 1903 tanti

179 1927 388 1977 montes
421 1925 732 1976 vestientur.
780 1922 1095 1976 Innituntur
1132 1924 1494 1977 fundamentis
1529 1925 1639 1977 suis
1676 1925 1879 1994 templa

178 1999 387 2053 excelsa
419 1999 590 2069 urbis3
631 2001 837 2067 tamen,
872 2016 1008 2067 quae
1040 1999 1095 2051 in
1128 1999 1526 2051 firmamentum
1559 1999 1728 2052 totius
1762 2018 1881 2068 ope-

178 2075 251 2126 ris
284 2074 424 2127 iacta
457 2077 604 2143 sunt,
635 2073 820 2126 latent.
867 2071 1015 2126 Idem
1050 2073 1107 2125 in
1148 2073 1338 2127 ceteris
1380 2074 1577 2127 evenit:
1619 2074 1883 2143 principia

180 2167 274 2201 sua
307 2167 517 2218 semper
549 2165 782 2216 sequens
815 2147 1132 2218 magnitudo
1165 2148 1370 2201 obruet.
1418 2147 1544 2201 Non
1584 2151 1881 2217 potuissem

253 2319 277 2352 3
310 2311 591 2354 concedetur
621 2310 684 2352 Nl
803 2319 827 2352 4
858 2308 966 2353 illos
1000 2314 1035 2352 G
1157 2318 1176 2351 ¹2
1213 2310 1296 2354 dat
1327 2327 1362 2353 ω
1484 2319 1531 2353 10
1563 2324 1654 2365 quo
1690 2311 1789 2368 My.

178 2378 223 2412 12
255 2368 354 2428 (a)
390 2384 480 2425 quo
514 2371 649 2415 Pine.
692 2369 820 2429 <ex>
853 2383 944 2425 quo
983 2370 1118 2414 Gertz
1267 2378 1314 2412 18
1346 2383 1439 2413 non
1478 2369 1611 2412 nulla
1641 2383 1696 2414 ss.
1730 2369 1793 2411 ΝΒ

178 2437 224 2471 16
254 2430 449 2473 rhenum
493 2431 532 2485 (r
562 2432 614 2473 in
644 2431 754 2486 ras.)
790 2434 824 2471 G
871 2430 1077 2485 hyenum
1109 2433 1142 2471 P
1293 2437 1337 2471 17
1381 2428 1580 2473 inclutos
1611 2433 1650 2471 N
1692 2429 1879 2472 inclitos

180 2489 371 2542 (inditos
391 2490 442 2545 G)
459 2489 562 2531 ΝΞΟ
648 2488 782 2542 Quod
809 2488 848 2532 si
873 2488 980 2532 illos
1006 2501 1106 2531 esse
1132 2487 1232 2532 illic
1249 2493 1293 2531 M
1369 2488 1501 2532 illinc
1520 2489 1881 2534 GFWMuener

254 2556 299 2590 18
332 2548 457 2604 quod
490 2549 522 2591 t.
558 2548 684 2604 quod
715 2553 759 2590 M
856 2550 1104 2592 censentur
1129 2549 1328 2593 Mueller
1418 2547 1716 2592 nominentur
1749 2548 1806 2590 G¹

179 2617 223 2649 21
255 2621 553 2651 romanorum
584 2608 615 2651 1.
647 2608 804 2651 fusum
836 2612 881 2650 M
973 2609 1201 2663 quantum
1235 2612 1270 2650 G
1361 2616 1409 2650 23
1441 2607 1632 2651 Tolle..
1652 2607 1880 2651 ,110811011-

179 2669 256 2710 tur
278 2673 386 2723 post
416 2670 701 2723 parauerunt
733 2669 788 2724 (v.
824 2670 897 2720 19)
932 2671 963 2709 0
995 2668 1083 2711 hue
1114 2672 1287 2724 transp.
1314 2668 1476 2711 Haase
1619 2675 1667 2710 25
1699 2666 1881 2710 excelsa

179 2728 344 2782 scripsi
373 2728 420 2769 et
459 2726 546 2770 illa
579 2731 609 2769 0
651 2729 697 2770 et
727 2728 855 2770 tecta
886 2728 1080 2772 Thomas
1111 2728 1158 2770 et
1190 2726 1395 2770 culmina
1425 2727 1464 2770 J
1471 2727 1670 2771 Mueller
1702 2741 1736 2770 8.
1771 2729 1818 2770 et
1849 2730 1878 2770 t.

179 2785 264 2829 illa
297 2786 430 2830 Buck
462 2788 510 2830 et
553 2786 728 2829 sacella
761 2786 994 2831 Rossbach
1002 2803 1019 2840 ;
1057 2787 1251 2841 fortasse
1283 2787 1330 2830 et
1368 2785 1516 2830 stelae
1545 2786 1614 2830 vel
1645 2785 1791 2830 cellae

180 2844 309 2888 urbis
340 2845 497 2888 menia
523 2850 599 2887 GP
705 2854 753 2888 26
785 2845 903 2889 latet
925 2845 987 2887 R¹
1077 2845 1310 2901 principia
1335 2850 1372 2887 V
1404 2844 1694 2902 pr(a)ecipua
1719 2848 1796 2901 (ua
1827 2860 1881 2889 ex

180 2903 228 2946 ia
259 2906 315 2959 N)
342 2908 372 2946 0
495 2913 540 2946 27
575 2904 792 2960 frequens
826 2909 861 2946 G
968 2903 1123 2947 obruit
1155 2922 1189 2947 ω

1924 533 1945 566 5

1905 905 1946 936 10

1905 1277 1946 1309 15

1905 1650 1947 1682 20

1906 2021 1948 2054 25
