2020 3132
426 66 506 110 DE
538 65 872 110 BENEFICIIS
905 65 1013 109 LIB.
1046 65 1111 109 111
1141 65 1268 110 CAP.
1302 70 1477 109 33—35
1733 66 1800 117 ’Π

109 203 403 271 continuet,
428 202 593 272 adice,
616 206 679 256 ut
709 203 902 257 dirutis
935 203 1183 256 maximis
1213 202 1439 255 urbibus
1463 202 1695 255 Romani
1727 202 1806 255 in-

108 278 243 348 perii
275 276 390 330 sine
421 278 633 331 aemulo
665 278 732 330 ad
772 281 922 332 ortus
955 296 1281 346 occasusque
1316 279 1527 331 venturi
1559 278 1807 330 defensor

109 355 163 405 et
193 351 440 405 conditor
469 351 728 406 maiorem
759 352 1101 406 nobilitatem
1124 351 1298 405 nobili
1322 352 1440 405 viro
1466 351 1677 421 adiciat,
1701 350 1807 404 dici

110 425 379 497 Scipionis
420 429 652 496 patrem:
695 427 919 481 dubium
951 430 1046 496 est,
1091 426 1221 497 quin
1266 426 1558 497 generandi
1589 426 1807 503 volgare

64 523 84 556 5
109 501 427 555 beneficium
458 501 649 554 vicerit
687 501 884 555 eximia
921 503 1095 572 pietas
1127 504 1181 554 et
1212 501 1384 555 virtus
1427 501 1533 571 ipsi
1565 502 1687 554 urbi
1719 519 1808 553 ne-

110 576 220 629 scio
259 579 442 629 utrum
486 576 656 629 maius
694 577 1025 646 praesidium
1057 576 1302 629 adferens
1343 595 1409 628 an
1444 577 1644 629 decus?
1706 575 1810 629 De·
1842 590 1869 629 4

111 650 251 719 inde,
290 652 336 703 si
375 650 479 704 hoc
518 669 710 720 parum
750 655 845 718 est,
884 652 1029 722 finge
1068 651 1302 721 aliquem
1335 653 1609 704 tormenta
1639 650 1811 721 patris

110 725 439 790 discussisse,
468 726 612 797 finge
644 726 700 778 in
733 744 789 779 se
820 727 1174 780 transtulisse.
1223 725 1375 779 Licet
1405 725 1523 791 tibi,
1554 725 1611 778 in
1645 743 1813 795 quan-

109 804 227 854 tum
259 799 410 868 veli8‚
446 800 733 854 extendere
770 800 1030 854 beneficia
1069 800 1186 869 filii,
1226 818 1348 854 cum
1379 803 1666 870 paternum
1700 819 1812 852 rnu-

44 899 87 931 ιο
111 894 212 928 nus
244 878 300 928 et
330 874 560 944 simplex
592 876 665 927 sit
695 878 750 928 et
787 875 946 929 facile
978 878 1032 928 et
1065 874 1214 928 danti
1246 875 1636 945 voluptarium,
1669 874 1814 944 quod
1911 862 1923 938 s
1970 856 1984 952 J

109 952 459 1036 Q
479 949 570 1003 ille
602 950 791 1003 multis
824 950 1046 1019 dederit,
1085 951 1247 1003 etiam
1284 949 1483 1019 quibus
1516 948 1726 1002 dedisse
1758 968 1813 1002 se

110 1029 297 1094 nescit,
328 1024 383 1077 in
410 1042 517 1094 quo
550 1027 854 1080 consortem
887 1025 1065 1094 habet,
1098 1025 1154 1078 in
1188 1043 1295 1095 quo
1328 1025 1593 1094 spectavit
1624 1025 1815 1094 legem,

110 1101 357 1171 patriam,
394 1099 635 1169 praemia
673 1102 906 1170 patrum,
946 1100 1138 1153 domus
1171 1118 1232 1153 ac
1269 1099 1508 1153 familiae
1546 1100 1816 1169 perpetui-

111 1179 296 1245 tatem,
329 1174 509 1228 omnia
550 1175 731 1244 potius
771 1193 933 1244 quam
966 1193 1103 1243 eum,
1143 1175 1272 1244 quoi
1314 1174 1488 1227 dabat.
1552 1172 1729 1236 Quid?
1769 1173 1815 1226 si
1849 1187 1874 1226 5

46 1271 90 1305 ιι
114 1250 237 1320 quis
269 1249 589 1320 sapientiam
622 1253 940 1304 consecutus
972 1250 1112 1302 hanc
1142 1250 1285 1319 patri
1309 1248 1606 1317 tradiderit,
1631 1248 1815 1302 etiam-

112 1343 255 1378 nunc
286 1325 699 1396 disputabimus,
731 1344 799 1378 an
833 1325 1004 1378 maius
1037 1323 1242 1394 aliquid
1276 1324 1382 1377 iam
1415 1323 1623 1377 dederit
1654 1341 1816 1393 quam

112 1404 403 1470 acceperat,
434 1418 555 1453 cum
587 1400 754 1454 vitam
786 1401 999 1453 beatam
1031 1399 1172 1469 patri
1211 1398 1521 1469 reddiderit,
1551 1398 1818 1468 acceperit

113 1478 323 1530 tantum
356 1476 560 1529 vitam?

186 1550 312 1605 ‘Sed
343 1551 534 1620 patris'
566 1549 747 1620 inquit
778 1549 1117 1603 ‘beneficium
1158 1551 1264 1618 est,
1296 1547 1559 1618 quidquid
1590 1547 1739 1616 facis,
1800 1550 1994 1596 XXXIV

57 1646 100 1679 no
124 1625 387 1697 quidquid
426 1627 698 1694 praestare
721 1625 803 1678 illi
826 1624 1013 1694 potes.’
1056 1623 1129 1676 Et
1151 1622 1516 1694 praeceptoris
1542 1621 1663 1691 mei,
1688 1621 1833 1692 quod

121 1701 387 1755 institutis
433 1699 749 1754 liberalibus
789 1699 1016 1768 profeci:
1057 1698 1204 1769 ipsos
1244 1701 1442 1766 tamen,
1475 1696 1568 1766 qui
1600 1696 1831 1750 tradide-

122 1780 249 1829 runt
280 1776 387 1843 illa,
417 1773 864 1842 transcendimus,
895 1774 1085 1843 utique
1110 1791 1217 1841 eos,
1241 1773 1335 1842 qui
1367 1772 1540 1842 prima
1566 1772 1832 1825 elementa

118 1850 434 1917 docuerunt,
466 1853 521 1903 et
545 1848 790 1919 quamvis
820 1849 935 1902 sine
968 1848 1077 1902 illis
1109 1867 1267 1902 nemo
1295 1849 1583 1918 quicquam
1608 1846 1831 1916 adsequi

125 1928 322 1995 posset,
352 1942 460 1979 non
494 1928 698 1993 tamen,
730 1927 1226 1994 quantumcumque
1259 1922 1382 1992 quis
1415 1921 1703 1975 adsecutus
1735 1924 1831 1990 est,

57 2018 101 2051 ss
126 2000 267 2053 infra
298 1998 420 2053 illos
451 2003 544 2053 est.
586 1998 819 2053 Multum
852 1997 994 2051 inter
1025 1997 1200 2067 prima
1232 2015 1295 2051 ac
1326 1997 1560 2050 maxima
1592 1995 1832 2065 interest,

125 2091 223 2128 nec
254 2073 375 2127 ideo
399 2074 577 2144 prima
599 2073 959 2127 maximorum
984 2073 1156 2126 instar
1181 2075 1323 2143 sunt,
1349 2072 1479 2141 quia
1502 2071 1617 2125 sine
1641 2070 1832 2141 primis

125 2148 360 2203 maxima
390 2166 508 2201 esse
538 2166 647 2202 non
679 2151 920 2218 possunt.

199 2221 312 2276 Iam
346 2227 559 2294 tempus
591 2226 674 2276 est
705 2221 967 2292 quaedam
1001 2240 1066 2275 ex
1097 2225 1299 2291 nostra,
1330 2224 1392 2274 ut
1422 2221 1500 2274 ita
1531 2220 1722 2289 dicam,
1782 2234 1802 2273 1
1833 2226 2008 2271 XXXV

125 2301 344 2352 moneta
381 2298 637 2369 proferre.
701 2296 806 2361 Qui
838 2296 893 2350 id
932 2297 1254 2351 beneficium
1288 2295 1451 2365 dedit,
1484 2314 1592 2364 quo
1626 2298 1708 2348 est
1738 2294 1830 2348 ali-

198 2439 216 2474 ι
250 2429 463 2475 continet
495 2429 551 2474 0¹
654 2438 678 2473 8
709 2428 911 2484 nobilills
926 2429 978 2487 [ll
1005 2429 1105 2486 (sub
1129 2443 1222 2474 ras.
1247 2430 1343 2474 um)
1368 2432 1407 2471 Π
1499 2427 1594 2471 dici
1625 2431 1664 2470 Π
1696 2426 1772 2471 dic
1798 2431 1829 2470 0

204 2498 229 2532 ι
255 2489 437 2534 uicerat
461 2493 493 2532 0
517 2494 632 2535 recte
654 2493 693 2532 V
786 2497 812 2532 ο
843 2486 911 2533 fili
933 2488 996 2532 1¹¹
1087 2497 1134 2532 ιο
1167 2490 1214 2533 et
1245 2488 1287 2532 d.
1311 2489 1472 2533 Haase
1503 2487 1585 2531 sed
1612 2486 1655 2531 d.
1683 2490 1714 2530 0
1748 2486 1829 2531 sed

117 2551 174 2594 ·0t
198 2548 242 2592 d.
263 2550 389 2595 Pione.
486 2548 630 2593 dandi
654 2548 716 2592 Π*
806 2547 1126 2593 uoluntarium
1153 2552 1184 2591 0
1209 2561 1322 2593 corr.
1344 2548 1475 2592 Pinc.
1598 2555 1639 2589 ιι
1672 2546 1744 2590 illi
1769 2547 1830 2590 w

196 2617 243 2652 n
267 2609 421 2653 noscit
444 2613 488 2652 Ι
581 2607 749 2666 legem,
781 2622 824 2665 p.
851 2610 917 2653 sic
940 2608 1041 2653 diat.
1073 2612 1116 2652 Μ
1139 2609 1236 2667 My.
1360 2615 1405 2650 18
1430 2621 1498 2663 pr.
1525 2608 1746 2663 patruum
1771 2606 1831 2649 Νι

197 2677 242 2711 u
276 2667 387 2725 quoi
417 2667 553 2713 Gertz
584 2667 708 2737 quod
737 2671 768 2711 0
801 2667 1010 2711 cni1⁸v
1125 2676 1170 2710 15
1202 2666 1462 2711 reddiderit
1495 2666 1552 2709 0¹
1658 2674 1705 2709 ιο
1737 2666 1831 2709 dis-

114 2727 391 2786 ·potnuimns
422 2727 484 2771 11¹
604 2741 700 2771 mm
731 2727 795 2771 δ’
837 2726 947 2771 dam
964 2726 1022 2784 (ἲ)
1047 2731 1086 2770 1(
1129 2730 1228 2772 tam
1261 2731 1301 2770 B
1343 2727 1458 2771 delet
1488 2724 1550 2768 n·
1588 2739 1674 2770 om.
1701 2730 1833 2770 GM?

117 2801 184 2831 m.
216 2786 288 2831 illi
356 2786 548 2831 uiddam
579 2787 714 2833 Gertz
836 2795 879 2830 1⁷
913 2786 1150 2843 acceperit
1173 2786 1235 2830 1¹¹
1342 2784 1529 2842 accepit
1557 2789 1591 2828 G
1713 2794 1758 2827 m
1791 2790 1831 2829 et

117 2861 167 2904 p.
194 2854 257 2900 28,
281 2854 302 2889 7
394 2846 643 2891 noflcioum
675 2846 736 2889 Π*
887 2854 937 2889 so
976 2848 1134 2903 potest
1163 2849 1208 2889 Ι
1358 2854 1403 2888 81
1437 2843 1648 2889 instituis
1681 2845 1740 2887 1³¹

115 2914 172 2949 2⁸
203 2904 331 2950 intra
362 2909 439 2950 GP
559 2914 608 2950 ιο
641 2905 836 2963 proferri
869 2909 906 2948 V
1029 2904 1151 2959 Quid
1184 2904 1229 2950 b.
1263 2910 1298 2949 G
1331 2903 1419 2959 Qui
1452 2903 1497 2949 b.
1531 2908 1575 2948 Π
