2020 3132
198 87 306 140 246
737 86 785 131 L.
819 85 1055 130 ANNAEI
1085 86 1358 132 SENECAE

139 238 164 276 2
198 223 475 283 lenitatem
508 222 564 274 in
595 241 768 291 poena
792 223 1066 294 exigenda.
1099 221 1201 276 Illa
1231 223 1407 276 finitio
1441 224 1890 279 contradictiones

44 746 164 792 ΠΙ

198 297 456 367 inveniet,
489 298 734 366 quamvis
768 298 999 350 maxime
1038 297 1104 349 ad
1136 315 1321 350 verum
1353 299 1592 369 accedat,
1625 300 1670 352 si
1701 300 1892 353 dixeri-

196 389 317 424 mus
356 371 693 425 clementiam
734 390 848 425 esse
887 371 1309 425 moderationem
1348 373 1553 442 aliquid
1593 391 1656 425 ex
1698 375 1892 427 merita

197 465 258 498 ac
291 446 470 499 debita
503 464 675 515 poena
706 446 1093 499 remittentem:
1133 447 1513 500 reclamabitur
1550 450 1757 502 nullam
1788 449 1892 501 vir-

196 524 367 574 tutem
401 520 651 589 cuiquam
683 521 860 573 minus
893 520 1073 574 debito
1106 522 1292 574 facere.
1353 520 1523 591 Atqui
1563 521 1665 575 hoc
1706 541 1890 576 omnes
1938 547 1957 580 5

198 595 520 665 intellegunt
565 596 904 649 clementiam
952 613 1086 664 esse,
1133 614 1268 665 quae
1316 614 1371 648 se
1417 597 1588 649 flectit
1635 597 1770 649 citra
1821 597 1892 667 id,

202 670 344 739 quod
377 670 569 723 merito
603 669 858 723 constitui
890 673 1089 739 posset.

273 743 416 796 Huic
440 744 762 798 contrariam
787 744 1004 813 inperiti
1028 747 1222 814 putant
1246 746 1598 817 severitatem,
1630 746 1720 799 sed
1743 749 1893 800 nulla

196 819 369 871 virtus
412 818 603 871 virtuti
647 819 917 873 contraria
956 822 1050 872 est.
1114 818 1254 883 Quid
1294 837 1420 890 ergo
1462 820 1754 889 obponitur
1792 822 1894 875 616-

198 893 465 946 mentiae?
519 891 839 963 Crudelitas,
873 911 1008 963 quae
1038 893 1178 946 nihil
1217 894 1362 947 aliud
1395 898 1476 947 est
1509 913 1669 964 quam
1702 896 1891 949 atroci·
1918 920 1959 952 ιο

198 972 281 1021 tas
314 967 479 1020 animi
511 968 566 1020 in
600 968 876 1039 exigendis
900 969 1101 1038 poenis.
1135 966 1260 1021 ‘Sed
1287 969 1503 1038 quidam
1529 987 1639 1022 non
1670 971 1894 1041 exigunt

199 1061 422 1113 poenas,
454 1042 692 1096 crudeles
723 1046 906 1095 tamen
937 1045 1084 1111 sunt,
1116 1046 1394 1111 tamquam
1427 1044 1520 1114 qui
1552 1044 1768 1114 ignotos
1799 1044 1892 1097 ho-

200 1117 371 1170 mines
404 1120 456 1169 et
489 1117 677 1170 obvios
708 1135 818 1170 non
842 1117 899 1169 in
923 1117 1295 1187 conpendium,
1320 1117 1413 1170 sed
1438 1118 1714 1172 occidendi
1738 1137 1896 1172 causa

203 1191 455 1245 occidunt
495 1210 593 1244 nec
636 1192 935 1246 interficere
979 1192 1220 1246 contenti
1265 1191 1532 1258 saeviunt,
1578 1195 1639 1245 ut
1686 1192 1894 1247 Busiris

201 1269 293 1320 ille
326 1269 379 1318 et
410 1266 725 1319 Procrustes
759 1269 812 1318 et
842 1266 1071 1335 piratae,
1105 1266 1198 1336 qui
1222 1270 1407 1335 captos
1441 1267 1724 1320 verberant
1755 1271 1808 1320 et
1838 1270 1896 1321 in
1921 1292 1962 1326 15

202 1342 383 1425 ignem
430 1341 582 1394 vivos
630 1341 932 1410 inponunt'
995 1341 1144 1394 Haec
1189 1342 1477 1394 crudelitas
1517 1342 1755 1411 quidem3
1803 1344 1895 1396 sed

203 1416 350 1488 quia
373 1433 470 1468 nec
517 1415 778 1469 ultionem
826 1415 1070 1485 sequitur
1117 1413 1262 1500 (non.
1289 1415 1430 1469 enim
1474 1417 1619 1470 laesa
1658 1415 1760 1488 est)
1799 1436 1897 1470 nec

203 1482 422 1560 peccato
454 1489 616 1544 alicui
649 1491 897 1543 irascitur
920 1488 1153 1562 (nullum
1179 1490 1321 1543 enim
1346 1491 1634 1544 antecessit
1656 1491 1897 1564 crimen),

205 1568 355 1618 extra
386 1565 689 1618 finitionem
719 1568 960 1618 nostram
1000 1564 1164 1635 cadit3
1195 1565 1371 1619 finitio
1411 1566 1555 1619 enim
1588 1566 1898 1620 continebat

204 1640 261 1692 in
299 1639 489 1710 poenis
537 1640 812 1711 exigendis
855 1639 1322 1710 intemperantiam
1366 1641 1546 1694 animi.
1607 1640 1898 1694 Possumus
1923 1666 1966 1699 πο

205 1715 379 1767 dicere
424 1733 533 1767 non
574 1733 688 1768 esse
727 1715 866 1768 hanc
904 1715 1299 1785 crudelitatem,
1345 1715 1436 1768 sed
1479 1714 1773 1786 feritatem,
1813 1717 1899 1769 6111

205 1790 473 1859 voluptati
506 1789 728 1843 saevitia
760 1793 863 1860 est3
902 1807 1187 1858 possumus
1226 1789 1487 1842 insaniam
1531 1808 1743 1844 vocare:
1773 1809 1899 1843 nam

205 1864 353 1916 varia
393 1867 520 1916 sunt
558 1864 756 1934 genera
795 1864 907 1916 eius
948 1866 1001 1916 et
1040 1866 1250 1917 nullum
1291 1864 1512 1934 certiuS,
1556 1884 1717 1934 quam
1757 1865 1900 1934 quod

206 1938 264 1991 in
295 1938 481 1992 caedes
513 1938 794 1991 hominum
827 1942 881 1992 et
903 1938 1292 1992 lancinationes
1318 1939 1576 2007 pervenit.
1615 1937 1745 1993 Illos
1771 1958 1898 2010 ergo

207 2013 444 2066 crudeles
476 2013 705 2082 vocabo,
738 2013 829 2082 qui
869 2013 1126 2082 puniendi
1165 2031 1379 2066 causam
1418 2013 1640 2084 habent,
1681 2015 1900 2067 modum
1926 2038 1967 2071 25

204 2106 314 2140 non
344 2088 568 2158 habent,
608 2088 747 2140 sicut
779 2088 834 2139 in
866 2087 1106 2155 Phalari,
1147 2106 1306 2157 quem
1347 2088 1499 2140 aiunt
1537 2106 1647 2141 non
1687 2089 1902 2158 quidem

279 2214 300 2248 1
331 2204 641 2249 lenitudinem
674 2211 699 2248 S
832 2205 1053 2250 diffinitio
1085 2221 1124 2251 v.
1160 2208 1186 2250 l.
1219 2207 1272 2250 in
1301 2211 1334 2249 L
1467 2205 1709 2251 -dictionis
1741 2211 1904 2249 RFLP

281 2274 303 2307 2
341 2264 535 2309 inuenet
571 2270 610 2307 N
655 2265 921 2310 inuenietur
950 2270 1026 2308 FP
1071 2271 1112 2310 et
1150 2280 1206 2311 ex
1243 2265 1363 2309 -itur
1392 2271 1424 2308 L
1561 2266 1730 2322 quauis
1761 2270 1800 2308 N

206 2324 415 2382 proxime
450 2325 801 2371 OFWMuezler
941 2334 965 2368 8
999 2325 1165 2369 merita
1195 2329 1276 2368 NF
1315 2324 1514 2370 materia
1546 2329 1577 2368 0
1720 2334 1743 2368 5
1776 2325 1904 2382 quic-

207 2398 350 2441 quam
382 2385 514 2430 Pinc.
636 2384 785 2428 minui
815 2389 900 2427 NB
1021 2384 1139 2429 haec
1167 2390 1200 2428 L
1324 2393 1344 2427 7
1377 2384 1527 2441 possit
1555 2390 1588 2428 L
1717 2394 1764 2428 12
1795 2398 1905 2442 poe-

206 2443 279 2487 nis
311 2449 349 2486 B.
476 2453 522 2487 14
555 2444 706 2488 usuris
737 2449 822 2488 NR
862 2444 1011 2501 osyris
1045 2449 1075 2488 0
1114 2443 1287 2488 busiris
1317 2459 1373 2489 ss
1406 2444 1467 2487 B'
1507 2444 1630 2488 Sinis
1662 2450 1704 2489 et
1734 2444 1845 2488 Siris
1877 2458 1904 2494 ς

281 2511 329 2547 15
359 2503 617 2560 proclustes
648 2509 682 2546 P
726 2503 912 2561 proclus
944 2510 1018 2548 FL
1155 2504 1306 2560 pilate
1336 2508 1422 2546 RB
1559 2504 1723 2561 captus
1762 2508 1802 2546 N

207 2562 385 2606 ininem
416 2563 554 2607 uiuus
585 2568 624 2606 N
773 2573 820 2607 16
851 2563 1042 2634 quidem
1077 2564 1330 2630 <videtur>
1357 2564 1456 2607 Μ.
1609 2571 1656 2607 18
1686 2565 1907 2620 peccator

210 2623 401 2679 (-torum
431 2625 482 2678 L)
517 2628 548 2666 0
580 2637 694 2668 corr.
728 2638 755 2672 ς
787 2625 869 2680 qui
898 2629 939 2668 et
968 2622 1205 2681 peccatori
1323 2631 1370 2666 1⁹
1434 2638 1476 2666 n.
1512 2622 1635 2667 enim
1669 2625 1770 2692 My.
1802 2623 1905 2666 fini-

209 2681 387 2726 tionem
417 2686 502 2725 NR
546 2696 668 2739 quae
698 2682 956 2727 finitionem
991 2688 1021 2727 0
1173 2691 1222 2726 2ο
1254 2682 1554 2739 exigentisN
1682 2682 1907 2738 intempe-

209 2741 367 2785 rantia
398 2746 524 2784 mx?
660 2751 707 2785 22
739 2742 1000 2800 uoluptatis
1034 2756 1116 2786 seu
1147 2742 1268 2786 uitia
1291 2746 1375 2784 NB
1496 2750 1545 2785 28
1578 2744 1646 2786 set
1678 2743 1848 2787 Vahlen

211 2809 261 2844 28
292 2807 335 2846 et
356 2809 444 2855 247,
462 2810 511 2844 24
543 2802 692 2846 6011οᾶ
716 2802 779 2844 1³¹
899 2811 947 2845 24
973 2802 1131 2847 caedis
1156 2806 1241 2844 NR.
1363 2800 1696 2845 lancinationis
1724 2805 1810 2843 NR
1838 2800 1905 2844 13-

211 2860 446 2904 niationes
476 2866 553 2903 FP
598 2861 961 2906 lamentationes
997 2867 1031 2905 L
1175 2870 1224 2905 25
1264 2860 1466 2905 crudelis
1496 2865 1536 2903 N
1686 2868 1735 2903 26
1767 2859 1907 2909 sicuti

212 2919 450 2963 Phalarim
483 2920 665 2984 Siesbye
756 2923 906 2985 agunt
935 2925 1021 2970 NB.
1064 2935 1203 2984 quem
1236 2934 1277 2964 a.
1311 2934 1394 2971 om.
1427 2924 1461 2968 Ε
