2020 3132
459 51 541 96 DE
572 49 909 96 BENEFICIIS
940 48 1053 94 ΠΒ.
1083 48 1169 93 VII
1199 46 1328 93 CAP.
1361 52 1401 92 2.
1436 53 1461 92 3
1706 48 1807 100 183

110 190 324 263 Magnis
363 190 545 259 itaque
584 189 727 241 euris
766 189 1044 256 exemptus
1084 188 1139 239 et
1170 184 1632 254 distorquentibus
1664 203 1808 239 men-

110 269 219 318 tem
251 263 390 317 nihil
420 266 601 334 sperat
631 265 725 316 aut
757 261 909 332 cupit
938 278 1036 315 nec
1067 279 1124 314 se
1154 259 1325 312 mittit
1366 260 1421 312 in
1455 260 1676 313 dubium
1709 278 1806 314 suo

111 342 411 392 contentus.
450 337 524 391 Et
552 356 620 391 ne
651 339 804 391 illum
838 336 1111 389 existimes
1141 352 1307 405 parvo
1339 352 1455 387 esse
1480 337 1808 404 contentum,
1840 349 1866 387 ὸ

113 414 294 467 omnia
335 413 483 467 illius
526 415 674 480 sunt,
723 429 831 464 non
877 410 977 480 sic,
1020 409 1471 479 quemadmodum
1515 408 1808 462 Alexandri

65 510 86 541 ο
111 489 351 556 fuerunt,
389 488 499 552 cui,
538 505 862 557 quamquam
904 486 961 538 in
990 485 1151 538 litore
1181 483 1333 537 rubri
1372 483 1536 536 maris
1569 487 1808 554 steterat,

110 563 234 633 plus
277 562 480 630 deerat,
531 579 690 630 quam
735 579 842 631 qua
883 562 1114 613 venerat.
1178 557 1331 612 Illius
1373 576 1443 611 ne
1485 576 1546 611 ea
1590 558 1806 628 quidem

111 641 286 707 erant,
325 655 461 707 quae
493 636 713 689 tenebat
743 639 838 688 aut
868 635 1094 702 vicerat,
1134 651 1255 686 cum
1294 633 1351 686 in
1391 651 1590 687 oceano
1624 632 1807 688 Onesi-

110 713 277 765 critus
316 712 642 782 praemissus
681 710 989 779 explorator
1026 711 1227 762 erraret
1265 711 1319 760 et
1349 708 1491 761 bella
1529 708 1585 760 in
1617 708 1805 780 ignoto

110 787 243 839 mari
284 789 571 856 quaereret.
627 784 753 838 Non
793 785 925 837 satis
958 783 1249 853 adparebat
1286 781 1501 852 inopem
1534 800 1671 852 esse,
1716 783 1807 853 qui
1841 797 1864 836 6

43 880 86 914 ιο
109 865 261 914 extra
296 865 520 913 naturae
557 859 816 913 terminos
857 877 1006 911 arma
1044 858 1332 927 proferret,
1372 857 1465 926 qui
1504 875 1559 909 se
1599 858 1654 910 iu
1686 875 1808 927 pro-

109 935 334 988 fundum
368 933 764 1005 inexploratum
799 936 852 986 et
884 934 1184 986 inmensum
1212 931 1469 984 aviditate
1501 949 1656 986 caeca
1686 950 1807 1002 pro-

108 1028 198 1063 sus
223 1009 557 1063 inmitteret?
595 1007 735 1072 Quid
759 1009 1000 1077 interest,
1025 1010 1159 1077 quot
1182 1006 1440 1076 eripuerit
1461 1024 1642 1077 regna,
1674 1010 1808 1076 quot

108 1084 329 1153 dederit,
360 1086 620 1154 quantum
651 1086 915 1136 terrarum
948 1082 1156 1135 tributo
1188 1082 1434 1151 premat?
1479 1084 1692 1134 tantum
1725 1081 1806 1135 illi

108 1159 271 1228 deest,
302 1162 562 1229 quantum
595 1158 757 1227 cupit.

44 1253 84 1286 ιε
182 1233 298 1287 Nec
341 1233 445 1286 hoc
484 1232 774 1286 Alexandri
821 1235 1032 1285 tantum
1081 1231 1275 1284 vitium
1324 1230 1453 1301 fuit,
1499 1249 1658 1300 quem
1708 1249 1805 1301 per
1839 1246 1860 1285 1
1896 1239 1962 1284 111

107 1307 287 1362 Liberi
314 1307 669 1377 Herculisque
692 1307 922 1378 vestigia
951 1306 1082 1359 felix
1113 1306 1388 1359 temeritas
1413 1306 1541 1376 egit,
1573 1305 1665 1359 sed
1698 1324 1805 1360 om·

108 1383 275 1451 nium,
317 1401 453 1453 quos
485 1382 703 1435 fortuna
734 1381 979 1435 inritavit
1010 1380 1278 1450 inplendo.
1336 1379 1535 1450 Cyrum
1568 1383 1622 1434 et
1654 1381 1805 1435 Cam-

109 1458 275 1527 bysen
316 1461 371 1511 et
409 1460 584 1511 totum
626 1457 778 1527 regni
816 1456 1018 1510 Persici
1057 1460 1287 1509 stemma
1323 1473 1598 1525 percense:
1645 1474 1801 1525 quem

109 1533 369 1601 invenies,
409 1533 495 1586 cui
535 1531 755 1585 modum
796 1530 990 1602 inperii
1040 1530 1258 1584 satietas
1305 1530 1515 1599 fecerit,
1559 1530 1653 1599 qui
1694 1549 1805 1584 non

40 1626 85 1659 ιο
109 1609 274 1661 vitam
308 1608 364 1661 iu
389 1607 571 1676 aliqua
600 1605 827 1660 ulterius
850 1605 1172 1677 procedendi
1207 1605 1537 1676 cogitatione
1569 1604 1804 1659 finierit?

107 1680 223 1736 Nec
253 1682 307 1735 id
338 1683 536 1735 mirum
569 1685 672 1734 est:
714 1680 977 1751 quidquid
1009 1680 1294 1750 cupiditati
1338 1679 1620 1750 contingit,
1657 1679 1805 1750 peni-

107 1761 195 1810 tus
226 1757 473 1810 hauritur
497 1759 550 1809 et
573 1756 836 1824 conditur,
866 1773 963 1809 nec
987 1756 1226 1824 interest,
1256 1758 1517 1824 quantum
1550 1773 1629 1823 e0‚
1660 1755 1804 1824 quod

108 1831 427 1902 inexplebile
451 1834 548 1900 est,
577 1848 849 1901 congeras.
889 1828 1043 1884 Unus
1076 1834 1156 1883 est
1181 1830 1407 1900 sapiens,
1440 1830 1591 1883 cuius
1625 1830 1805 1883 omnia
1838 1844 1862 1882 2

107 1910 236 1960 suut
265 1924 363 1961 uec
393 1925 456 1959 ex
489 1905 699 1959 difficili
732 1905 952 1975 tuenda3
995 1923 1103 1958 non
1136 1904 1300 1958 habet
1330 1904 1622 1957 mittendos
1655 1908 1802 1958 trans

39 1997 83 2032 ss
108 1982 276 2034 maria
317 1979 525 2052 legatos
567 1998 667 2034 nec
709 1979 961 2033 metanda
1001 1979 1055 2032 in
1100 1979 1234 2050 ripis
1277 1978 1567 2033 hostilibus
1614 1982 1803 2049 castra,

107 2074 213 2108 non
246 2054 567 2126 opportunis
593 2055 827 2108 castellis
852 2054 1184 2125 disponenda
1207 2054 1494 2123 praesidia3
1526 2071 1634 2107 non
1668 2072 1802 2124 opus

105 2135 189 2183 est
227 2130 438 2200 legione
479 2147 575 2183 uec
615 2128 956 2200 equestribus
996 2129 1201 2182 turmis.
1254 2127 1714 2191 Quemadmodum
1749 2129 1800 2182 di

107 2205 416 2258 inmortales
456 2222 679 2275 reguum
722 2203 950 2257 inermes
989 2206 1186 2275 regunt
1223 2206 1278 2257 et
1316 2203 1424 2257 illis
1464 2221 1641 2257 rerum
1684 2222 1803 2257 sua-

106 2298 221 2333 rum
258 2297 322 2333 ex
347 2278 491 2332 edito
520 2278 922 2349 tranquilloque
953 2278 1125 2332 tutela
1148 2281 1244 2348 est,
1275 2278 1352 2331 ita
1374 2277 1463 2331 hic
1487 2278 1667 2332 officia
1691 2296 1800 2347 sua,

35 2372 81 2406 ιο
105 2355 351 2425 quamvis
389 2353 650 2408 latissime
688 2356 929 2423 pateant,
969 2354 1084 2406 sine
1123 2354 1359 2407 tumultu
1399 2352 1516 2406 obit
1558 2356 1612 2406 et
1644 2371 1800 2406 omne

176 2480 195 2515 ι
228 2484 297 2517 ex.
331 2475 404 2516 est
434 2475 483 2518 et
514 2477 541 2515 8
662 2474 863 2516 mentem
895 2473 944 2516 et
974 2470 1094 2516 nihil
1126 2475 1248 2515 138
1279 2486 1340 2516 m.
1373 2473 1465 2515 est:
1498 2486 1543 2516 n.
1579 2471 1715 2516 Gertz

103 2539 128 2574 ⁸
160 2531 263 2588 (bis)
293 2533 624 2589 contemptum
650 2536 677 2575 ΙΙ
798 2533 848 2576 et
877 2545 935 2576 ue
960 2535 1033 2576 BV
1065 2543 1124 2576 ue
1155 2533 1204 2576 et
1227 2530 1385 2588 (etiam
1411 2532 1463 2588 0)
1489 2534 1520 2575 0
1553 2529 1652 2575 Nec
1676 2548 1711 2575 ω

105 2590 294 2636 estimes
325 2597 352 2635 8
504 2599 527 2635 5
560 2590 635 2636 cui
673 2603 957 2649 quamquam
990 2594 1030 2635 Π
1071 2590 1291 2649 cuiquam
1325 2594 1357 2635 0
1401 2590 1477 2635 cui
1509 2591 1623 2647 quia
1654 2589 1711 2633 θ’

103 2659 129 2694 ο
159 2664 253 2707 qua
284 2654 322 2694 1
361 2650 476 2707 quia
508 2655 538 2694 0
578 2664 719 2709 quam
752 2650 996 2696 inuenerat
1025 2654 1062 2694 V
1183 2659 1223 2694 n
1258 2649 1491 2695 auiditate
1523 2651 1592 2696 bis
1621 2664 1705 2696 sor.
1738 2650 1800 2694 11¹

176 2724 342 2768 prosus
372 2714 413 2754 Ι
454 2725 643 2796 prorsus
681 2709 784 2755 1¹¹0
936 2719 981 2755 n
1013 2710 1139 2768 quod
1178 2710 1280 2767 (bis)
1313 2710 1374 2753 11¹
1510 2709 1684 2767 eripuit
1720 2714 1800 2754 ΒΡ

177 2778 224 2814 ιι
254 2769 342 2814 hoc
373 2774 459 2814 ΙΙ.
512 2784 596 2816 om.
622 2773 655 2814 0
755 2778 800 2814 18
831 2769 1024 2829 persicis
1055 2771 1115 2814 Β*
1216 2779 1259 2814 21
1292 2769 1494 2829 contigit
1526 2787 1560 2814 ω
1660 2777 1708 2814 ss
1740 2768 1798 2823 ei,

104 2829 228 2887 quod
249 2829 378 2876 Koch
491 2838 541 2875 2⁸
563 2827 894 2887 inexplicabile
918 2830 975 2875 0ι
1089 2838 1138 2878 8⁸
1162 2829 1384 2877 metanda
1409 2834 1489 2874 GV
1520 2829 1741 2877 metenda
1767 2833 1798 2878 0

176 2897 227 2938 8⁸
257 2889 377 2955 (in)
410 2904 518 2950 opp.
543 2890 666 2954 qu.
