2020 3132
252 93 444 138 XXVIII
926 91 1266 136 PRAEFATIO

252 234 378 283 Aem
396 232 541 295 Opitz
566 234 644 281 De
668 233 906 282 latinitate
928 232 1135 282 Senecae
1158 233 1452 297 Naumburg
1479 235 1617 282 1871

252 308 537 357 RPetersen
562 307 640 356 Za
663 309 724 356 L.
747 307 929 356 Seneca
959 307 1136 356 Philol.
1171 308 1237 355 46
1273 301 1467 374 (1887)
1501 325 1547 371 p.
1575 310 1678 358 275

253 383 296 430 R
308 383 521 447 Psennig
535 383 613 431 De
628 381 878 439 librorum,
894 397 1011 442 quos
1026 383 1221 443 scripsit
1234 381 1415 431 Seneca
1430 383 1488 431 de
1503 384 1596 439 ira,
1615 386 1950 445 compositione

366 461 409 506 et
438 458 622 518 oriyine
652 455 903 520 Gryphiae
931 457 1070 506 1887

254 531 370 580 Guil
386 531 726 580 Pohlschmidt
757 531 1068 592 Quaestiones
1093 531 1451 580 Themistianae
1482 531 1772 581 Monasterii
1807 535 1946 582 1908

253 601 518 654 FPrechac
550 605 674 654 Note
703 621 792 654 sar
822 607 866 654 le
895 607 1157 655 sommaire
1189 606 1257 654 da
1290 602 1368 654 ‘de
1399 601 1666 655 clementia’
1698 602 1948 672 Melanges

365 681 508 729 Picot
530 680 581 728 II
607 681 712 729 569
745 679 886 729 Paris
916 681 1056 729 1913

255 782 323 789 —
364 756 447 804 La
471 757 582 804 date
612 757 682 804 du
707 750 783 804 ede
806 750 1074 804 clementia'
1099 756 1158 804 de
1179 753 1392 816 Se'neque
1419 754 1649 819 Comptes
1681 756 1860 806 rendus
1892 757 1951 806 de

365 830 470 878 l'ac.
496 829 579 879 des
603 829 748 879 inser.
773 829 913 877 Paris
943 831 1082 878 1913
1109 847 1155 893 p.
1184 830 1287 878 385

254 904 666 953 LRadermacher
689 905 739 952 in
765 904 987 953 thesibus
1006 904 1368 953 dissertationis
1388 904 1752 955 Observationes
1774 907 1829 954 in
1845 906 1950 954 Ea-

364 980 573 1041 ripidem
594 979 834 1028 miscellae
864 979 1067 1027 Bonnae
1097 980 1232 1027 1891

255 1054 295 1104 O
305 1054 628 1118 Rauschning
644 1055 722 1103 De
738 1056 977 1103 latinitate
989 1055 1050 1102 L.
1063 1053 1126 1103 A.
1140 1053 1347 1103 Senecae
1353 1055 1629 1115 philosophi
1646 1054 1952 1120 Regimontii

369 1130 510 1177 1876

256 1204 438 1252 FRech
474 1203 838 1252 Observationes
858 1204 1221 1264 yrammaticae.
1261 1204 1339 1252 De
1362 1204 1429 1250 In
1444 1205 1820 1264 praepositionis
1845 1219 1952 1252 cam

366 1280 640 1327 accusativo
664 1280 858 1327 iunctae
881 1279 1016 1338 apud
1038 1278 1269 1327 Senecam
1291 1293 1387 1326 usa
1410 1277 1644 1342 Friburgi
1673 1279 1812 1327 1895

258 1353 555 1401 GReinecke
581 1353 658 1401 Dc
682 1353 1071 1402 coniunctionum
1093 1368 1189 1400 asa
1212 1352 1348 1412 apud
1370 1352 1599 1401 Senecam
1614 1353 1954 1415 philosophum

366 1428 655 1476 Monasterii
682 1429 824 1476 1890

259 1502 496 1567 HRieger
523 1502 887 1551 Observationes
910 1501 1217 1550 Annaeanae
1249 1501 1479 1565 Friburgi
1516 1503 1654 1550 1889

261 1571 568 1626 ORossbach
593 1578 1004 1638 Disqaisitionum
1028 1577 1087 1624 dc
1110 1576 1318 1624 Senecae
1340 1577 1434 1635 filie·
1457 1578 1650 1637 scriptis
1674 1578 1955 1626 criticarum

369 1654 531 1713 capita
555 1653 625 1699 II
643 1652 980 1700 Vratislaviae
1010 1652 1149 1699 1882

259 1754 329 1760 —-
367 1728 446 1775 De
468 1726 674 1776 Senecae
688 1727 964 1788 philosophi
986 1726 1223 1773 librorum
1253 1727 1524 1774 recensione
1556 1729 1599 1774 et
1629 1726 1955 1775 emendatione

369 1795 657 1868 (Breslauer
680 1801 853 1864 philol.
878 1800 1058 1848 Abhdl.
1084 1800 1135 1848 II
1162 1794 1218 1866 3)
1252 1799 1584 1849 Vratislaviae
1614 1801 1753 1849 1888

266 1902 325 1911 --
368 1875 446 1925 vd.
481 1878 530 1924 et
567 1876 733 1924 Herm.
771 1875 916 1923 XVII
961 1868 1156 1940 (1892)
1200 1877 1303 1923 375
1339 1875 1450 1923 adn.
1486 1877 1541 1936 23
1583 1877 1637 1935 33
1671 1875 1799 1923 Berl.
1832 1876 1952 1938 phil.

370 1951 716 1998 Wochenschr.
740 1952 896 2014 1907,
920 1950 1085 2011 14863
1103 1949 1215 1998 Livi
1230 1950 1444 2012 perioch.
1461 1949 1574 1998 edit.
1591 1943 1785 2016 (1910)
1799 1951 1952 2012 praef.

369 2043 414 2088 p.
449 2025 519 2072 IX
553 2024 664 2074 adn.
694 2028 719 2073 1

258 2100 466 2148 FRuehl
501 2100 659 2148 Varia
689 2099 811 2147 Mus.
845 2099 998 2147 Rhen.
1035 2101 1101 2147 62
1138 2091 1332 2165 (1907)
1365 2116 1411 2161 p.
1440 2099 1547 2146 310

182 2178 185 2181 ’
258 2174 318 2223 Η.
338 2174 386 2222 S.
411 2174 590 2226 Philol.
617 2173 862 2238 Anzeiger
887 2174 917 2221 3
951 2167 1146 2240 (1871)
1179 2190 1226 2235 p.
1256 2175 1356 2222 129

258 2249 324 2298 Fr
342 2248 592 2298 Schultess
629 2246 712 2296 Aa
746 2248 953 2298 Senecae
989 2248 1134 2296 libros
1170 2248 1229 2296 de
1265 2248 1514 2296 elementia
1545 2247 1670 2296 Mus.
1703 2248 1856 2296 Rhen.
1884 2250 1951 2296 33

263 2425 330 2431 —
363 2317 647 2447 §Annaelzna
669 2398 835 2446 stadia
853 2392 1148 2463 (Gymnasio
1167 2396 1579 2460 Argentoratensi
1604 2397 1953 2460 congratulan-

212 2464 216 2468 ’
369 2475 454 2522 tur
484 2472 726 2522 Iohannei
750 2471 1141 2535 Hamburgensis
1166 2473 1329 2521 rector
1354 2473 1402 2519 et
1427 2465 1671 2537 collegae)
1696 2470 1955 2536 Hamburg

262 2648 330 2654 ——
372 2621 451 2670 vd.
477 2623 526 2670 ef,
557 2622 662 2670 eius
688 2620 747 2669 de
773 2620 960 2669 Gertzii
983 2623 1033 2668 et
1055 2620 1331 2669 Klammeri
1354 2619 1551 2683 scriptis
1574 2619 1878 2668 recensiones
1903 2619 1954 2668 in

372 2695 594 2760 Getting.
635 2696 729 2759 gel.
769 2695 1019 2759 Anzeigen
1055 2696 1196 2744 1874
1230 2713 1275 2758 p.
1306 2695 1462 2756 1446,
1502 2693 1678 2742 Philol.
1712 2693 1955 2757 Anzeiger

375 2771 515 2819 1887
550 2787 596 2832 p.
626 2772 747 2832 291,
778 2770 959 2818 Jenaer
982 2768 1102 2818 Litt.
1128 2770 1249 2818 Zeit.
1279 2770 1418 2818 1878
1451 2785 1497 2830 p.
1527 2769 1631 2818 512

258 2842 513 2893 HSiedler
544 2845 621 2896 De
649 2846 711 2897 L.
731 2842 793 2896 A.
816 2843 1024 2896 Senecae
1053 2845 1364 2905 philosophia
1401 2843 1580 2892 morali
1618 2842 1954 2906 Gynaecopoli
