2020 3132
219 85 289 137 82
753 83 802 127 L.
836 82 1069 125 ANNAEI
1101 81 1374 126 SENECAE

217 221 397 274 monia
430 219 726 272 vadendum
758 237 856 271 nec
887 237 1142 288 umquam
1174 218 1437 288 inperium
1473 218 1586 271 eius
1619 218 1911 271 detractan-

161 311 185 349 3
219 296 359 347 dum.
418 293 577 356 ‘Quid
610 295 923 362 consequar'
965 293 1163 361 inquit,
1197 294 1262 345 ‘si
1300 293 1405 345 hoc
1443 292 1681 361 fortiter,
1720 292 1765 344 si
1807 292 1911 345 hoc

80 899 177 942 111

218 373 368 440 grate
401 370 573 421 fecero
585 369 630 421 ‘P’
666 367 820 430 Quod
844 369 1054 438 feceris3
1086 368 1225 419 nihil
1255 367 1356 420 tibi
1381 369 1531 419 extra
1561 366 1910 436 promittitur.

219 443 274 496 Si
308 444 436 512 quid
469 443 736 496 commodi
768 443 908 495 forte
941 437 1241 511 ob'venerit,
1280 441 1420 494 inter
1460 441 1786 494 accessiones
1818 459 1911 492 nu-

217 519 459 572 merabis.
524 517 723 569 Rerum
769 517 1115 570 honestarum
1158 517 1389 584 pretium
1429 517 1485 568 in
1525 516 1656 584 ipsis
1696 518 1791 567 est.
1854 513 1912 568 Si

216 592 501 645 honestum
535 610 630 661 per
662 611 716 644 se
749 592 1104 660 expetendum
1130 595 1225 658 est,
1259 590 1575 643 beneficium
1610 593 1787 643 autem
1819 590 1911 643 ho-

216 670 426 719 nestum
444 670 540 735 est,
564 685 671 719 non
690 669 869 734 potest
894 665 999 718 alia
1022 665 1136 719 eius
1162 665 1404 718 condicio
1431 682 1559 734 esse,
1583 682 1704 717 cum
1731 664 1910 716 eadem

214 746 407 794 natura
455 742 536 794 sit.
600 741 703 794 Per
748 759 802 793 se
849 743 1027 793 autem
1075 739 1425 806 expetendum
1467 757 1580 791 esse
1626 738 1909 792 honestum

215 834 370 886 saepe
403 820 456 868 et
488 816 697 868 abunde
729 815 1015 883 probatum
1050 819 1144 867 est.

289 889 352 942 ln
384 891 484 942 hac
515 894 664 959 parte
695 889 852 943 nobis
884 908 1066 959 pugna
1098 891 1179 943 est
1210 906 1329 940 cum
1356 887 1654 956 Epicureis,
1687 886 1913 940 delicata

214 969 268 1017 et
315 965 614 1018 umbratica
655 964 814 1016 turba
861 965 915 1016 in
963 963 1209 1017 convivio
1252 981 1347 1016 suo
1395 961 1912 1031 philosophantium,

214 1040 355 1108 apud
396 1058 530 1108 quos
571 1040 741 1092 virtus
782 1039 1121 1106 voluptatum
1161 1038 1409 1090 ministra
1449 1040 1550 1106 est,
1598 1037 1704 1089 illis
1746 1041 1912 1105 paret,

214 1115 322 1166 illis
357 1114 601 1182 deservit,
634 1114 752 1166 illas
786 1132 947 1181 supra
979 1131 1034 1165 se
1068 1113 1225 1175 videt.
1284 1110 1427 1164 ‘Non
1459 1111 1559 1164 est'
1591 1112 1770 1179 inquis
1805 1111 1912 1163 ‘vo-

214 1189 391 1257 luptas
425 1188 535 1241 sine
569 1188 801 1242 virtute.'
860 1186 965 1240 Sed
1005 1206 1167 1256 quare
1208 1190 1330 1239 ante
1371 1186 1625 1238 virtutem
1659 1185 1776 1237 est‘?
1833 1184 1912 1237 De

215 1263 401 1316 ordine
434 1266 590 1332 putas
624 1262 1043 1331 disputationem
1077 1262 1228 1314 esse?
1260 1261 1322 1313 de
1355 1279 1410 1313 re
1442 1263 1558 1313 tota
1589 1263 1643 1312 et
1667 1259 1731 1312 de
1761 1262 1911 1328 pote—

214 1341 350 1390 state
390 1339 504 1390 eius
544 1336 851 1407 ambigitur.
915 1335 1036 1389 Non
1080 1340 1160 1390 est
1199 1335 1392 1403 virtus,
1434 1334 1477 1387 si
1519 1335 1671 1403 sequi
1710 1337 1910 1403 potest3

212 1413 417 1480 primae
449 1416 631 1481 partes
665 1413 777 1464 eius
811 1414 951 1479 sunt,
985 1411 1175 1464 ducere
1209 1410 1381 1478 debet,
1413 1409 1672 1478 inperare,
1701 1426 1910 1461 summo

213 1487 331 1540 loco
367 1490 527 1557 stare3
559 1490 619 1539 tu
652 1488 799 1539 illam
833 1485 983 1538 iubes
1016 1486 1230 1556 signnm
1263 1490 1457 1554 petere.
1524 1482 1700 1546 ‘Quid’
1735 1482 1911 1551 inquit

215 1562 327 1614 ‘tua
359 1562 556 1614 refert?
590 1564 643 1614 et
675 1579 774 1630 ego
801 1562 914 1614 sine
940 1560 1138 1612 virtute
1163 1577 1300 1630 nego
1325 1558 1537 1611 beatam
1564 1557 1726 1610 vitam
1754 1575 1910 1626 posse

215 1639 471 1688 constare.
513 1634 689 1704 Ipsam
718 1636 1068 1703 voluptatem,
1094 1653 1253 1703 quam
1280 1652 1492 1702 sequor,
1515 1632 1599 1685 eui
1624 1651 1708 1684 me
1734 1650 1909 1684 eman-

216 1711 411 1779 cipavi,
442 1714 649 1763 remota
680 1709 773 1762 illa
804 1710 1030 1778 inprobo
1064 1713 1117 1761 et
1150 1709 1359 1761 damnO.
1422 1707 1502 1760 De
1533 1706 1635 1759 hoc
1666 1724 1774 1759 uno
1809 1706 1909 1758 dis-

213 1788 451 1854 putat-ur,
482 1788 664 1837 utrum
690 1785 859 1837 virtus
885 1784 1082 1836 summi
1107 1783 1236 1836 boni
1262 1801 1418 1835 causa
1444 1782 1511 1834 sit
1537 1800 1605 1833 an
1629 1777 1746 1850 ipsa
1770 1799 1911 1833 sum-

213 1878 361 1911 mum
392 1859 628 1911 bouum?
686 1858 761 1912 Ut
791 1859 893 1911 hoc
925 1877 1091 1911 unum
1125 1861 1432 1926 quaeratur,
1465 1856 1668 1908 ordinis
1699 1857 1910 1908 tantum

214 1934 487 1986 existimas
522 1933 912 1986 mutationem?
967 1932 1078 1984 Ista
1111 1951 1234 1985 vero
1268 1930 1511 1984 confusio
1545 1933 1625 1983 est
1661 1933 1714 1982 et
1744 1930 1910 1981 mani—

212 2010 349 2061 festa
381 2009 608 2061 caecitas
641 2008 828 2077 primis
861 2011 1133 2076 postrema
1163 2006 1442 2076 praeferre.
1484 2003 1611 2057 Non
1643 2004 1909 2074 indignor,

214 2083 357 2147 quod
396 2087 518 2152 post
550 2084 884 2151 voluptatem
916 2082 1138 2151 ponitur
1169 2082 1356 2150 virtuS,
1389 2080 1480 2133 sed
1513 2079 1656 2148 quod
1690 2079 1907 2130 omnino

213 2175 334 2210 cum
365 2157 658 2227 voluptate,
691 2156 1051 2225 contemptrix
1085 2157 1198 2208 eius
1232 2159 1284 2208 et
1315 2155 1488 2208 hostis
1514 2158 1566 2207 et
1597 2153 1909 2223 longissime

213 2232 280 2284 ab
322 2233 416 2285 illa
454 2232 719 2300 resiliens,
757 2231 930 2284 labori
970 2249 1031 2283 ac
1070 2230 1242 2283 dolori
1282 2229 1619 2297 familiarior,
1662 2227 1908 2280 virilibus

212 2307 578 2372 incommodis,
612 2325 773 2375 quam
806 2306 896 2359 isti
928 2305 1234 2358 effeminato
1266 2305 1425 2357 bono.

286 2448 307 2481 1
340 2439 695 2482 detrectandam
727 2443 771 2481 Μ
878 2447 900 2480 2
934 2438 974 2480 si
1004 2437 1093 2481 hoc
1124 2437 1230 2481 fort.
1264 2451 1348 2481 om.
1374 2435 1482 2480 ΜΡ
1587 2443 1610 2477 4
1642 2433 1756 2490 quid
1789 2433 1908 2477 forte

213 2499 318 2543 obu.
354 2513 516 2542 comm.
552 2503 627 2541 GP
719 2506 738 2540 ’1
772 2500 906 2554 potes
938 2497 999 2539 13¹
1089 2505 1136 2539 10
1168 2496 1379 2552 deligata
1408 2500 1446 2538 N
1456 2495 1470 2521 ¹
1559 2502 1605 2537 12
1636 2493 1742 2536 illas
1774 2495 1909 2549 paret

214 2560 278 2616 (et
301 2572 357 2602 em
381 2572 408 2602 a
434 2560 553 2614 m.2)
575 2562 613 2600 N
704 2566 750 2599 13
782 2557 905 2600 uidit
927 2557 989 2599 Ν1
1078 2556 1254 2612 iniquis
1277 2560 1363 2598 NR
1393 2553 1550 2610 inquit
1580 2571 1615 2596 ω
1707 2561 1752 2595 15
1784 2552 1907 2596 ordi—

212 2631 319 2661 nem
351 2618 412 2660 N¹
517 2619 656 2674 putas
691 2621 725 2659 G
758 2617 971 2673 disputas
1006 2620 1053 2672 (u
1085 2630 1140 2660 ex
1172 2630 1198 2660 0
1230 2618 1285 2672 N)
1319 2619 1349 2657 0
1393 2614 1442 2658 in
1486 2613 1558 2656 his
1599 2614 1738 2669 putas
1774 2612 1908 2656 Gertz

289 2677 548 2733 disputatio
582 2676 706 2720 enim
740 2678 811 2720 est
841 2676 902 2718 Ns
1002 2676 1217 2719 derot-ata
1247 2674 1309 2717 Ν]
1421 2672 1579 2716 losed
1613 2671 1744 2727 sequi
1774 2675 1819 2713 M

213 2746 255 2778 17
291 2751 448 2779 sumus
481 2742 513 2779 P
603 2744 649 2778 18
681 2738 734 2779 tu
765 2737 802 2792 (t
834 2737 885 2779 in
908 2737 1019 2791 ras.)
1044 2739 1082 2777 N
1173 2734 1329 2790 inquis
1353 2733 1413 2775 R¹
1503 2741 1550 2774 1⁹
1582 2733 1634 2774 tu
1667 2734 1751 2774 tua
1785 2735 1819 2773 G

214 2805 261 2838 20
285 2796 580 2839 uoluntatem
604 2801 636 2838 P
728 2809 856 2839 secor
880 2795 941 2837 w
973 2808 1141 2850 sequar
1163 2798 1207 2836 M
1298 2791 1568 2849 mancipaui
1592 2795 1628 2832 V
1728 2799 1775 2832 24
1801 2803 1905 2833 con-

213 2855 354 2899 fessio
398 2860 436 2897 N
558 2864 602 2898 27
638 2854 884 2911 uoluptate
915 2858 954 2896 N
998 2853 1090 2897 uol.
1136 2853 1403 2896 conferatur
1436 2855 1465 2894 0
1510 2851 1632 2895 unde
1675 2850 1908 2893 confertur

214 2916 443 2959 Erasmus

1939 911 1980 943 10

1939 1282 1977 1314 15

1935 1653 1977 1685 20

1934 2026 1975 2059 25
