2020 3132
250 296 584 350 Hildebertus
610 294 1011 350 Cenomanensis
1034 315 1106 365 ep.
1123 297 1162 349 I
1171 301 1206 349 3
1229 294 1507 367 (CLXXI
1526 299 1630 349 145
1646 295 1874 368 Miyn.):

175 372 260 425 De
307 371 575 424 elementia
620 389 814 439 quoque
857 372 1215 439 compendiosa
1262 371 1591 438 principibus
1643 373 1876 440 capitula

175 446 370 500 Seneca
409 445 693 513 eviyilavit,
733 447 792 499 in
830 446 1016 513 quibus
1054 446 1167 499 ideo
1206 445 1498 498 brevitatem
1546 445 1727 500 dilexit
1769 463 1876 499 non

175 522 468 589 obscuram,
502 525 561 572 ut
598 521 806 588 maynis
845 525 1112 587 occupatos
1150 521 1307 588 leyere
1351 538 1457 573 non
1494 521 1725 573 taederet.
1786 521 1875 574 Ea

175 595 338 662 iqitivr
359 612 462 662 pro
494 599 539 647 te
562 599 609 648 et
632 595 704 647 acl
725 599 770 647 te
792 599 1024 662 suscepta
1046 596 1246 662 suscipe
1268 599 1420 662 atque
1439 595 1723 663 recordare,
1746 612 1877 662 quae
1922 620 1940 652 5

183 671 380 722 dudum
413 669 663 722 didiceris
695 687 758 722 ex
788 674 833 722 te
863 674 909 722 et
929 687 1030 736 per
1060 674 1117 723 te.
1160 669 1348 722 Pauca
1378 686 1440 722 ea
1469 674 1615 722 sunt:

255 749 581 803 Clementiae
629 753 711 803 est
753 750 958 820 aliquid
1006 751 1189 803 ultrici
1235 750 1513 804 detrahere
1568 751 1874 804 sententiae.

176 824 432 894 Quisquis
474 824 614 877 nihil
661 828 842 878 reatus
898 826 1204 894 inpunitum
1262 825 1542 895 relinquit,
1597 825 1874 894 delinquit.

175 899 344 968 Culpa
377 902 458 952 est
489 902 660 952 totam
693 900 945 969 persequi
977 901 1206 969 culpam.
1261 898 1723 954 Inmisericordem
1757 918 1877 968 pro-

176 975 384 1043 fitetur,
419 974 506 1026 cui
540 974 798 1043 quicquid
838 973 989 1044 licet,
1020 974 1169 1028 libet.
1231 974 1391 1027 Item:
1427 973 1674 1027 Gloriosa
1704 975 1876 1027 virtus
1902 998 1945 1031 10

175 1051 256 1101 est
286 1048 342 1100 in
373 1049 618 1118 principe
651 1050 784 1102 citra
816 1049 1009 1119 punire
1049 1067 1210 1118 quam
1254 1047 1426 1101 liceat.
1474 1047 1664 1101 Virtus
1698 1051 1780 1102 est
1811 1049 1876 1101 ad

174 1123 465 1175 vindictam
497 1124 817 1176 necessitate
847 1123 1013 1192 trahi,
1051 1142 1161 1176 non
1200 1122 1479 1175 voluntate
1518 1123 1713 1175 venire.
1767 1122 1877 1175 Ma-

102 1248 108 1255 ,
174 1215 340 1268 gnum
382 1197 512 1266 quid
552 1201 604 1250 et
651 1197 893 1250 divinum
944 1198 1086 1266 sapit
1133 1197 1368 1250 offensus
1416 1197 1661 1250 clemens.
1718 1197 1877 1250 Item:

173 1272 357 1326 Bonus
402 1271 653 1342 princeps
697 1273 967 1325 neminem
1012 1273 1127 1325 sine
1168 1290 1342 1340 poena
1383 1272 1565 1340 punit,
1610 1273 1878 1324 neminem

175 1347 290 1399 sine
331 1346 516 1400 dolore
557 1347 861 1416 proscribit.
924 1347 1107 1400 Bonus
1146 1347 1395 1416 princeps
1434 1346 1511 1399 ita
1550 1346 1754 1399 crimen
1800 1347 1877 1399 in·
1903 1370 1944 1403 15

181 1421 440 1490 sequitur,
472 1425 533 1474 ut
567 1440 724 1490 quem
758 1421 931 1491 punit,
961 1421 1235 1474 hominem
1267 1420 1654 1474 reminiscatur.
1718 1421 1877 1474 Item:

176 1496 359 1548 Bonus
399 1498 647 1566 princeps
689 1496 791 1549 sibi
836 1497 1164 1565 dominatur,
1203 1496 1406 1566 populo
1448 1495 1635 1565 servit3
1676 1495 1879 1548 nullius

175 1570 490 1642 sanguinem
527 1571 847 1624 contemnit:
888 1570 1094 1624 inimici
1127 1573 1222 1638 est,
1255 1570 1347 1623 sed
1387 1570 1517 1641 eius,
1549 1570 1642 1639 qui
1675 1571 1877 1623 amicus

172 1644 290 1697 fieri
321 1647 523 1717 potest3
555 1646 797 1699 nocentis
831 1649 929 1712 est,
963 1645 1053 1698 sed
1077 1645 1327 1699 hominis.
1369 1643 1766 1714 Cuiuscumque
1792 1644 1877 1714 sit,

175 1719 302 1788 quia
331 1738 442 1772 non
473 1721 653 1790 potuit
694 1720 842 1785 dare,
882 1721 1083 1775 crimen
1122 1723 1280 1789 putat
1311 1720 1533 1772 auferre.
1587 1717 1713 1772 Ideo
1747 1737 1875 1788 quo·
1902 1743 1945 1775 20

175 1794 315 1847 tiens
348 1795 607 1864 funditur,
640 1795 1002 1848 confunditur.

249 1950 353 1994 Hoc
382 1949 693 2008 fraymentum
725 1949 893 1994 detexit
920 1949 1201 1995 ORossbach
1233 1949 1333 2006 (cfr.
1361 1949 1627 2005 ‘Disquisit.
1661 1949 1715 1993 de
1745 1947 1879 1994 Sene-

172 2023 250 2053 cae
291 2009 381 2064 filii
413 2009 616 2065 scriptis'
644 2023 694 2066 p.
720 2012 780 2053 33
811 2015 854 2054 et
886 2009 978 2053 ‘De
1009 2009 1203 2054 Senecae
1241 2009 1505 2066 philosophi
1546 2009 1769 2053 librorum
1809 2023 1877 2053 re-

173 2069 399 2114 censione'
422 2083 470 2126 p.
496 2071 617 2126 112),
641 2070 723 2126 qui
752 2083 895 2114 novas
919 2083 1093 2126 quoque
1124 2070 1388 2114 collationes
1419 2069 1623 2113 codicum
1655 2069 1798 2112 trium
1822 2094 1876 2100 —

174 2128 448 2186 Reqinensis
478 2132 572 2173 236
613 2143 727 2173 saec.
766 2129 910 2173 XIII
931 2130 1011 2186 (R)
1055 2134 1097 2174 et
1127 2129 1504 2185 Phillipicorum,
1546 2129 1627 2184 qui
1666 2128 1879 2172 Berolini

172 2202 298 2232 nunc
327 2192 438 2232 sunt
461 2189 564 2244 (cfr.
583 2187 1067 2243 Handschriftenverz.
1100 2194 1203 2233 tom.
1223 2189 1340 2232 XII
1361 2203 1407 2232 n.
1435 2191 1524 2233 182
1546 2193 1589 2232 et
1611 2188 1735 2245 183),
1759 2190 1879 2232 1734

172 2261 286 2292 saec.
315 2248 428 2291 XII
439 2249 518 2304 (B)
544 2253 586 2292 et
607 2250 732 2292 2005
761 2261 877 2293 saec.
904 2248 1055 2292 XIII
1066 2249 1145 2306 (P)
1171 2274 1225 2281 —
1251 2248 1442 2305 beniyne
1465 2247 1579 2291 mihi
1608 2247 1876 2292 transmisit.

177 2307 271 2361 Cfr.
305 2308 442 2351 etiam
475 2309 537 2351 M
543 2308 687 2352 Adler
724 2308 906 2352 Wiener
927 2307 1058 2353 Stud.
1086 2308 1300 2353 XXVII
1318 2308 1472 2363 (1905)
1504 2309 1598 2351 242
1609 2321 1699 2363 sqq.
1732 2311 1774 2351 et
1803 2307 1876 2351 ob-

174 2368 426 2423 loquentem
456 2368 499 2412 ei
531 2367 764 2412 Rossbach
795 2368 921 2411 Berl.
940 2368 1056 2423 phil.
1091 2365 1242 2413 Woch.
1276 2369 1411 2420 1907,
1444 2369 1577 2410 1489.

249 2434 272 2468 8
306 2426 482 2470 Seneca
503 2440 588 2471 om.
609 2427 709 2472 RP
826 2425 1051 2484 uigilauit
1082 2428 1152 2483 (in
1173 2441 1261 2484 my.
1285 2425 1518 2484 uulgauit,
1542 2431 1648 2470 ante
1675 2426 1877 2482 primam

175 2501 206 2528 u
237 2500 383 2542 supra
413 2501 452 2530 v.
486 2491 575 2531 tres
606 2487 691 2530 litt.
723 2488 855 2543 eras.)
890 2487 936 2531 R
965 2485 1171 2543 uigilant
1202 2485 1298 2543 (uel
1328 2485 1377 2528 ui
1407 2486 1483 2542 ss.)
1507 2486 1553 2529 P
1581 2484 1799 2542 uulgauit
1830 2486 1876 2529 B

177 2559 289 2590 corr.
318 2546 550 2590 Rossbach
687 2545 831 2588 dilexi
863 2547 909 2590 P
1046 2554 1071 2588 6
1103 2545 1314 2589 didicisti
1348 2546 1393 2590 R
1536 2551 1560 2586 8
1592 2543 1876 2600 derelinquit

173 2606 339 2660 peccat
363 2605 409 2649 R
528 2613 552 2647 9
583 2604 804 2661 prosequi
827 2606 874 2650 R
1000 2614 1046 2648 14
1078 2604 1178 2648 sine
1209 2604 1499 2661 paenitentia
1524 2604 1768 2659 Rossbach,
1797 2604 1876 2648 sed

173 2665 244 2708 vd.
277 2665 473 2709 Thomas
504 2665 723 2710 Fleckeis.
756 2678 866 2708 ann.
901 2667 991 2710 129
1023 2666 1181 2723 (1884)
1207 2668 1310 2710 592.

531 2837 536 2840 .
602 2816 662 2852 -*5
