2020 3132
748 145 1091 192 PRAEFATIO
1642 144 1768 192 XVII

71 292 314 359 geri-imus
343 289 487 338 testis
518 291 594 338 est
615 292 680 349 Β,
713 304 860 350 quem
882 288 1084 336 vinculo
1116 287 1323 351 reliquis
1356 288 1540 337 artiore
1573 304 1684 336 cum
1714 291 1768 336 N

74 365 387 416 coniunctum
428 378 533 412 esse
574 377 815 412 consensu
853 378 1022 412 eorum
1061 363 1116 410 in
1154 362 1347 411 levibus
1358 356 1400 429 ¹)
1434 363 1770 426 gravibusque

72 438 368 489 lectionibus
391 437 649 502 probatur,
671 439 732 486 ut
756 439 806 497 3,
827 438 882 498 5,
911 439 959 498 6,
987 438 1190 498 12;17,
1217 438 1422 502 17,18,
1446 438 1650 499 24,19,
1680 440 1770 498 12,

76 516 163 576 24,
189 515 282 576 22,
308 515 394 574 45,
424 514 515 574 18;
542 513 635 573 20,
660 513 754 573 22,
780 512 866 573 58,
891 512 985 574 25,
1020 514 1104 573 59,
1131 516 1186 573 1,
1214 513 1306 574 22,
1334 514 1419 574 67,
1446 513 1538 574 10,
1566 512 1659 576 25,
1686 513 1771 573 79,

77 591 171 651 14,
205 591 297 649 18,
331 591 417 648 80,
451 589 507 649 2,
541 588 663 647 109,
696 589 789 644 12,
825 587 947 647 110,
981 586 1074 648 28,
1111 588 1230 647 123,
1268 579 1358 649 12,
1395 587 1516 649 124,
1552 587 1644 648 16,
1680 588 1772 650 17,

79 664 328 726 19,130,
355 665 447 725 25,
481 663 574 723 26,
609 663 730 721 131,
765 661 978 723 7,148,
1008 662 1257 722 19,149,
1294 662 1655 723 11,12,167,
1680 663 1774 723 27,

81 739 202 800 168,
229 739 321 799 10,
355 739 447 797 213
482 738 575 798 23,
612 737 733 796 174,
761 738 853 797 17,
888 738 1100 798 18,21,
1129 737 1250 797 175,
1277 738 1332 798 2,
1359 736 1414 799 5,
1442 737 1534 798 13,
1561 738 1653 798 20,
1681 737 1774 797 22,

81 814 202 874 176,
228 813 439 874 10,13,
467 811 588 871 178,
613 812 707 872 20,
733 812 855 871 228,
882 811 1175 872 8,10,12,
1212 813 1304 873 21,
1337 812 1429 871 23,
1465 812 1593 872 229,
1630 815 1686 874 1,
1719 813 1775 869 2;

79 889 135 950 6,
169 888 225 948 7,
256 887 288 935 8
323 886 387 937 al.
412 880 525 953 (cfr.
548 885 690 934 Buck
715 887 807 947 21,
841 882 949 949 28),
978 886 1149 948 itaque
1183 885 1245 934 ab
1279 886 1548 949 archetypo
1573 901 1675 934 non
1700 886 1776 933 ita

77 962 290 1010 multum
305 960 492 1010 distare
509 975 623 1008 eum
645 961 698 1008 in
715 960 983 1022 propatulo
1002 963 1088 1009 est.
1121 959 1180 1008 In
1198 961 1374 1009 ceteris
1391 977 1509 1010 vero
1525 961 1644 1009 talis
1662 976 1775 1009 con-

76 1035 307 1085 sonantia
343 1037 505 1099 magis
535 1036 794 1099 magisque
833 1035 1059 1097 evanuit,
1101 1036 1206 1083 sive
1239 1051 1327 1084 suo
1358 1035 1558 1099 ingenio
1583 1035 1779 1083 librarii

77 1112 199 1161 haec
228 1109 408 1159 menda
438 1111 542 1159 fere
574 1110 707 1158 levia
730 1110 1040 1159 sustulerunt
1062 1125 1279 1158 novasve
1303 1111 1540 1159 lectiones
1564 1111 1777 1159 intruse-

79 1188 196 1234 runt
218 1187 324 1235 sive
346 1184 648 1234 membranis
671 1186 751 1233 usi
774 1188 892 1233 sunt
907 1185 1036 1234 aliis,
1081 1185 1213 1234 Nam
1231 1201 1343 1233 cum
1361 1185 1574 1234 Senecae
1591 1186 1779 1249 scripta

79 1260 291 1310 moralia
322 1262 376 1308 in
407 1259 635 1309 omnibus
667 1260 850 1309 scholis
881 1260 1295 1324 monasteriisque
1326 1260 1680 1325 magistrorum
1705 1260 1779 1308 di-

84 1335 486 1399 scipulorumque
509 1334 740 1383 manibus
763 1334 1110 1384 volutarentur
1120 1327 1162 1402 2)
1188 1335 1433 1398 multique
1461 1336 1634 1384 multis
1658 1336 1780 1385 locis

81 1412 334 1459 exstarent
370 1408 563 1459 codices
574 1402 636 1475 ³),
673 1409 795 1459 10013
835 1409 1121 1473 depravatis
1162 1413 1252 1459 aut
1283 1410 1503 1459 obscuris
1535 1410 1782 1459 medelam

82 1484 255 1534 afferre
295 1484 463 1534 conati
493 1484 583 1545 illi,
616 1484 749 1546 quod
781 1483 905 1532 alibi
934 1487 1118 1533 rectius
1150 1501 1202 1534 se
1233 1480 1399 1550 legere
1432 1485 1783 1548 opinabantur,

84 1561 189 1609 31113
211 1574 410 1622 quoque
435 1558 802 1622 exemplaribus
834 1558 1162 1608 donaverunt.
1209 1560 1291 1608 Ita
1322 1560 1511 1608 factum
1536 1562 1613 1609 est
1634 1560 1783 1623 idem,

82 1633 216 1698 quod
245 1635 299 1682 in
323 1633 648 1696 scriptoribus
672 1634 913 1683 lectitatis
938 1650 1131 1697 semper
1154 1635 1256 1683 fere
1282 1635 1517 1685 accidisse
1541 1635 1784 1697 videmus,

83 1711 142 1758 ut
161 1711 330 1758 textus
352 1709 683 1772 plurimorum
707 1708 947 1758 librorum
971 1711 1157 1758 mixtus
1182 1710 1248 1758 sit
1272 1726 1330 1759 ex
1346 1710 1642 1759 lectionibus
1659 1711 1785 1759 utri-

83 1798 238 1848 usque
269 1783 440 1833 classis
469 1783 621 1846 hique
653 1784 742 1832 alii
770 1783 888 1832 libri
919 1784 1066 1834 modo
1099 1800 1130 1833 a
1158 1785 1432 1834 Nazariani
1462 1787 1606 1848 parte
1637 1785 1785 1834 modo

83 1858 232 1922 idque
256 1858 456 1922 saepius
481 1875 512 1908 a
534 1859 830 1922 Reginensis
855 1862 1003 1908 stent.
1044 1859 1221 1923 Itaque
1246 1860 1449 1910 difficile
1474 1864 1550 1909 est
1573 1877 1662 1909 nec
1685 1877 1785 1910 non

83 1947 508 1997 supervacaneum
533 1934 824 1996 examinari,
848 1935 1013 1997 qualis
1037 1934 1257 1984 affinitas
1282 1937 1348 1984 sit
1371 1937 1504 1984 inter
1526 1937 1630 1985 hos.
1654 1935 1786 1984 Nam

85 2008 313 2072 quamvis
336 2008 524 2072 singuli
547 2024 578 2056 a
602 2009 812 2074 singulis
835 2009 1040 2072 propius
1065 2009 1246 2072 absint,
1262 2012 1431 2059 tamen
1449 2010 1507 2058 de
1526 2013 1787 2060 stemmate

86 2098 256 2133 eorum
280 2082 497 2132 eruendo
522 2083 575 2132 in
598 2083 692 2132 hac
716 2084 987 2134 lectionum
1012 2086 1301 2135 confusione
1319 2085 1679 2149 desperandum
1698 2088 1786 2134 est.

88 2155 171 2206 Sic
192 2161 239 2206 P
261 2159 314 2206 et
335 2161 387 2208 G
411 2160 653 2208 sexcentis
676 2158 799 2207 locis
824 2162 1000 2208 contra
1022 2160 1245 2223 reliquos
1269 2161 1573 2224 conspirant,
1590 2164 1647 2210 ut
1667 2162 1713 2223 7,
1733 2161 1788 2221 8,

92 2233 184 2294 17,
216 2233 303 2293 38,
327 2233 383 2293 6,
419 2234 474 2295 7,
506 2234 600 2296 23,
633 2234 719 2295 39,
748 2237 799 2295 1,
844 2237 935 2297 26,
969 2236 1055 2297 49,
1082 2236 1175 2298 25,
1209 2236 1294 2299 50,
1328 2238 1383 2298 4,
1411 2237 1466 2298 6,
1501 2237 1556 2298 8,
1592 2237 1789 2299 68,12,

164 2396 187 2435 1
241 2390 318 2437 810
350 2390 494 2436 etiam
536 2391 781 2450 permultis
824 2391 940 2439 locis
982 2394 1033 2438 111
1073 2394 1254 2439 ratione
1286 2394 1648 2453 orthographica
1690 2394 1788 2452 (cfr.

88 2448 188 2519 pac
252 2454 309 2496 20
383 2452 468 2519 q.);
512 2450 596 2497 sed
636 2450 813 2522 talibus
855 2466 942 2498 nec
982 2453 1070 2499 has
1113 2454 1362 2500 schedulas
1394 2468 1479 2501 nec
1511 2457 1791 2513 apparatum

90 2509 285 2568 implere
317 2525 371 2556 vo
393 2526 441 2555 m
475 2513 684 2570 exeeptis
714 2513 879 2570 paucis
911 2513 1137 2572 exemplis
1170 2514 1475 2573 gravioribus.

164 2573 207 2627 2)
242 2569 311 2616 De
342 2570 549 2617 Senecae
590 2571 719 2630 apud
760 2573 1010 2631 scriptores
1054 2573 1157 2619 aevi
1197 2574 1467 2632 posterioris
1506 2574 1679 2620 notitia
1717 2574 1792 2619 vd.

90 2628 354 2689 Azingerle
385 2632 460 2677 Zu
491 2631 731 2678 Hildebert
758 2633 859 2680 «md
889 2634 1075 2681 Alcmus
1098 2634 1362 2693 Sitzungsb.
1395 2634 1478 2679 der
1508 2634 1795 2680 Miinchener

90 2687 243 2735 und.
287 2690 332 2736 d.
369 2690 509 2736 Wiss.
544 2695 675 2747 1881,
707 2692 727 2737 1
803 2725 815 2738 .
849 2697 935 2738 306
975 2694 1083 2739 adn.
1118 2699 1159 2749 1,
1201 2694 1489 2752 IEBMayor
1530 2695 1700 2741 Seneca
1742 2698 1795 2740 i‘n

92 2749 241 2820 Δζαίπ
271 2750 328 2806 ot'
352 2751 475 2797 Ia’lle
503 2750 701 2797 Journal
732 2706 803 2797 οἵ
810 2751 995 2799 Ρ1111010
1093 2759 1149 2799 20
1183 2758 1316 2811 (1892
1366 2770 1412 2812 p.
1449 2762 1487 2812 1,
1521 2754 1795 2811 CWeyman

92 2808 187 2856 lae.
222 2809 522 2857 Centralblatt
556 2815 673 2857 1900
715 2826 760 2870 p.
797 2816 927 2867 1210,
1030 2813 1254 2859 Manitius
1334 2815 1550 2861 eschichte
1592 2815 1672 2861 der
1712 2816 1792 2860 lat.

94 2868 334 2917 laceratur
363 2870 442 2917 dee
472 2870 767 2918 Martanum
798 2871 1031 2918 Mfinchen
1066 2878 1177 2919 1911
1211 2889 1257 2932 p.
1284 2878 1383 2919 ⁷58.

168 2931 214 2986 8)
244 2928 335 2976 vd.
365 2930 511 2976 etim
543 2930 794 2978 Manitium
836 2932 886 2977 in
917 2932 1066 2979 Musei
1098 2933 1313 2980 Rhenani
1346 2937 1379 2979 t.
1414 2939 1467 2979 47
1502 2936 1655 2993 (1892)
1688 2949 1795 2991 sup-

93 2986 331 3045 plemento
362 3004 406 3048 p.
432 2994 571 3048 usq.

183 3071 348 3108 Ennea·
371 3083 488 3115 open
513 3075 541 3107 1.
569 3077 588 3109 2
613 3075 668 3109 οι
696 3075 879 3109 nonin·
903 3077 960 3110 od.
986 3077 1048 3110 011.
1497 3070 1526 3114 b
