2020 3132
464 55 544 99 DE
578 54 916 99 BENEFICIIS
948 54 1058 99 LIB.
1091 53 1176 98 VII
1209 53 1335 99 CAP.
1371 59 1410 98 6.
1447 59 1470 97 7
1719 54 1819 107 187

125 193 421 263 quaeritu13
464 211 587 245 nam
620 191 676 244 id
707 210 936 262 quoque,
977 191 1122 261 quod
1152 194 1428 260 tamquam
1469 191 1703 245 alienum
1737 191 1825 243 ab-

125 268 414 336 iudicatur‚
458 267 616 320 aliter
652 267 799 321 illius
842 270 936 320 est.
996 265 1084 319 Sic
1117 266 1330 335 sapiens
1362 266 1542 319 animo
1574 266 1825 319 universa

125 342 380 412 possidet,
411 342 526 395 iure
558 359 619 395 ac
650 341 887 394 dominio
920 359 1032 394 sua.

198 417 339 470 Bion
386 416 546 470 modo
586 434 771 469 omnes
818 416 1109 487 sacrilegos
1149 433 1266 469 esse
1303 415 1636 486 argumentis
1677 417 1823 469 colli-
1859 430 1880 468 1
1916 425 2002 468 VII

81 513 100 545 5
125 493 221 562 git,
252 492 412 544 modo
444 491 726 545 neminem.
768 489 901 544 Cum
926 509 1112 544 omnes
1144 490 1209 542 de
1234 509 1362 543 saxo
1396 490 1696 544 deiecturus
1730 494 1826 560 est,

126 566 277 620 dicit:
322 565 597 636 ‘Quisquis
642 566 720 636 id,
763 565 908 634 qu'od
947 565 1169 619 deorum
1203 569 1306 634 est,
1351 565 1572 618 sustulit
1613 569 1667 618 et
1705 583 1826 618 con-

127 641 359 710 sumpsit
389 643 552 710 atque
584 641 642 694 in
673 659 830 693 usum
863 659 1019 693 suum
1046 639 1224 710 vertit,
1257 640 1549 711 sacrilegus
1582 642 1683 710 est3
1717 659 1824 694 om-

124 716 215 769 nia
246 719 426 768 autem
459 715 678 768 deorum
712 718 860 784 sunt3
900 715 1044 784 quod
1077 716 1303 784 quisque
1346 733 1473 786 ergo
1506 715 1667 784 tollit,
1706 715 1826 767 deo-

126 809 245 843 rum
287 789 454 858 tollit,
498 808 727 858 quorum
777 789 958 842 omnia
1004 793 1152 860 sunt3
1196 807 1347 860 erg0,
1393 789 1637 859 quisquis
1680 790 1827 843 tollit

60 887 102 919 ιο
126 864 344 934 aliquid,
385 865 679 935 sacrilegus
711 866 826 917 est.'
879 864 1102 932 Deinde,
1141 883 1262 918 cum
1295 864 1510 935 effringi
1540 865 1742 934 templa
1774 873 1828 917 et
1861 879 1885 917 2

126 939 352 1011 expilari
397 940 599 1009 inpune
639 937 967 1008 Capitolium
1013 938 1185 1007 iubet,
1233 938 1365 992 dicit
1409 938 1620 991 nullum
1668 939 1826 993 sacri-

129 1013 311 1085 legum
337 1032 467 1083 esse,
500 1014 641 1083 quia,
673 1013 934 1083 quidquid
960 1013 1234 1067 sublatum
1262 1016 1358 1080 est,
1389 1032 1454 1066 ex
1479 1032 1541 1066 eo
1566 1013 1702 1083 loc0,
1735 1014 1824 1083 qui

127 1089 346 1142 deorum
382 1092 510 1155 erat,
543 1089 598 1141 in
625 1107 745 1142 eum
772 1090 1094 1141 transfertur
1123 1089 1320 1157 locum,
1354 1088 1447 1159 qui
1479 1089 1697 1142 deorum
1733 1094 1827 1142 est.

127 1163 234 1218 Hic
276 1163 631 1233 respondetur
673 1163 856 1217 omnia
894 1163 1107 1233 quidem
1151 1164 1371 1231 deorum
1411 1181 1545 1232 esse,
1590 1164 1680 1217 sed
1719 1181 1829 1218 non
1861 1179 1887 1217 3

62 1260 104 1293 ιε
130 1239 312 1293 omnia
350 1239 432 1291 dis
473 1238 736 1308 dedicata3
784 1240 841 1291 in
874 1239 941 1291 iis
974 1237 1247 1292 observari
1286 1238 1649 1309 sacrilegium,
1693 1257 1829 1308 quae

129 1314 321 1384 religio
352 1314 564 1366 numini
589 1313 886 1383 adscripsit.
929 1311 1020 1367 Sic
1043 1316 1098 1366 et
1122 1317 1295 1366 totum
1322 1314 1581 1366 mundum
1609 1313 1829 1367 deorum

130 1407 245 1442 esse
276 1387 645 1441 inmortalium
677 1387 960 1457 templum,
1000 1389 1174 1442 solum
1216 1388 1432 1457 quidem
1476 1387 1831 1458 amplitudine

130 1464 348 1517 illorum
387 1481 451 1516 ac
488 1462 890 1534 magnificentia
929 1463 1174 1534 dignum:
1213 1466 1396 1516 tamen
1436 1482 1466 1516 a
1505 1463 1669 1516 sacris
1708 1482 1831 1533 pro-

130 1538 257 1592 fana
286 1538 543 1607 discerni3
580 1556 688 1591 non
723 1537 906 1591 omnia
935 1538 1097 1592 licere
1129 1539 1186 1591 in
1217 1537 1439 1609 anguIO,
1480 1539 1566 1591 cui
1596 1538 1709 1591 fani
1738 1557 1831 1592 no-

63 1634 107 1667 ιο
131 1631 255 1666 men
293 1613 590 1683 inpositum
631 1616 735 1680 est,
779 1631 915 1682 quae
955 1613 1054 1666 sub
1096 1612 1242 1667 caelo
1287 1616 1341 1666 et
1373 1617 1664 1683 conspectu
1698 1613 1832 1667 side-

133 1706 251 1741 rum
281 1687 460 1741 licent.
507 1686 766 1741 Iniuriam
799 1687 1092 1759 sacrilegus
1125 1688 1223 1741 deo
1257 1688 1473 1757 quidem
1514 1707 1622 1742 non
1654 1692 1833 1758 potest

130 1763 319 1831 facere,
350 1780 510 1832 quem
542 1766 695 1816 extra
725 1762 893 1815 ictum
926 1781 1024 1816 sua
1048 1763 1303 1816 divinitas
1328 1763 1525 1833 posuit,
1557 1763 1647 1816 sed
1680 1763 1831 1833 puni·

131 1841 236 1906 tur,
267 1838 395 1907 quia
418 1841 694 1907 tamquam
721 1837 819 1890 deo
845 1837 996 1891 fecit:
1029 1838 1214 1907 opinio
1238 1838 1392 1891 illum
1427 1841 1612 1891 nostra
1643 1857 1704 1892 ac
1737 1857 1834 1891 sua

134 1912 344 1984 obligat
374 1931 591 1983 poenae.
647 1911 928 1974 Quomodo
969 1930 1096 1983 ergo
1137 1912 1429 1983 sacrilegus
1461 1913 1696 1983 videtur,
1739 1913 1832 1983 qui
1866 1926 1893 1965 4

65 2008 109 2041 ιε
132 1986 334 2057 aliquid
361 1987 535 2041 aufert
560 1987 712 2054 sacri,
736 1986 898 2040 etiam
919 1988 980 2056 si,
1006 2006 1347 2057 quocumque
1371 1987 1664 2058 transtulit,
1689 1988 1831 2057 quod

132 2062 494 2132 subripuerat,
538 2062 681 2115 intra
719 2061 978 2115 terminos
1017 2063 1206 2116 mundi
1245 2066 1349 2127 est,
1393 2063 1469 2116 sic
1507 2067 1562 2116 et
1600 2062 1830 2132 sapienti

132 2137 332 2190 furtum
369 2140 551 2206 potest
581 2136 720 2207 fieri3
752 2137 1026 2191 auferetur
1057 2138 1198 2190 enim
1233 2137 1315 2191 illi
1345 2155 1454 2191 non
1487 2156 1551 2190 ex
1583 2138 1664 2207 iis,
1698 2156 1833 2207 quae

134 2211 383 2265 universa
422 2211 606 2280 habet,
651 2211 742 2264 sed
784 2230 849 2265 ex
888 2211 978 2281 iis,
1020 2212 1215 2282 quibus
1257 2212 1508 2266 dominus
1542 2213 1833 2282 inscriptus

134 2290 239 2356 est,
278 2304 415 2357 quae
448 2286 650 2340 viritim
692 2287 741 2339 ei
782 2287 1036 2340 serviunt.
1089 2286 1244 2340 Illam
1286 2287 1505 2341 alteram
1547 2287 1834 2356 possessio·
1868 2301 1893 2339 5

207 2428 230 2463 4
263 2421 390 2466 Bion
419 2422 503 2476 cfr.
536 2420 695 2465 Tele-tis
726 2421 819 2466 rell.
854 2435 939 2466 rec.
964 2421 1141 2466 Hense²
1167 2435 1215 2477 p.
1244 2421 1443 2465 LXXV

209 2548 234 2584 Ι
263 2539 391 2584 unin.
425 2539 584 2585 animo
617 2545 693 2584 GP
813 2548 838 2583 8
870 2540 992 2585 dom.
1026 2541 1222 2597 quisque
1255 2554 1340 2584 sua
1373 2540 1500 2585 Vino.
1528 2541 1644 2586 Bell.
1670 2541 1746 2598 Sp.
1770 2541 1834 2585 H.

144 2600 266 2645 1730
362 2609 384 2643 4
419 2613 472 2644 ar
507 2634 516 2644 .
550 2613 652 2644 esse
684 2604 720 2643 G
751 2613 852 2645 esse
885 2614 983 2657 arg.
1015 2613 1115 2645 esse
1147 2604 1180 2643 P
1277 2607 1302 2643 8
1334 2599 1457 2653 Quid
1490 2605 1526 2644 G
1616 2608 1663 2643 ιο
1693 2600 1835 2669 fringi

133 2659 197 2703 1¹
315 2668 356 2702 ιι
390 2672 479 2717 exp
500 2659 618 2704 icari
650 2660 707 2703 Οι
822 2659 949 2705 dicet
977 2661 1040 2704 11¹
1154 2659 1453 2717 sacrilegium
1488 2674 1515 2710 ς
1636 2668 1682 2703 14
1715 2660 1836 2704 Huic

138 2718 273 2765 Gertz
392 2720 695 2777 responditur
723 2723 809 2762 ΠΒ
928 2728 975 2764 15
1008 2719 1100 2764 diis
1132 2719 1294 2765 dicata
1324 2720 1372 2764 in
1406 2719 1479 2763 his
1513 2724 1589 2763 GP
1710 2728 1757 2764 18
1790 2722 1837 2764 et

133 2781 290 2824 tamen
322 2796 359 2824 ω
479 2788 526 2823 ιο
558 2778 762 2824 discerni
793 2778 849 2836 (ὦ
871 2794 929 2826 εε.
955 2795 1010 2825 m.
1039 2779 1119 2837 1?)
1150 2783 1189 2823 Π
1221 2780 1334 2824 disc.
1369 2781 1418 2824 et
1448 2779 1703 2837 (discernet
1726 2782 1777 2837 G)
1805 2784 1836 2823 0

209 2846 260 2883 κ
289 2841 363 2884 aet
391 2838 556 2884 mnndi
589 2843 666 2884 GP
812 2848 860 2886 27
894 2839 1106 2887 aufertur
1135 2839 1191 2887 1²¹
1335 2848 1381 2887 27
1415 2844 1458 2889 et
1488 2847 1537 2886 88
1569 2852 1624 2886 ex
1656 2839 1728 2889 his
1761 2844 1837 2887 GP

209 2906 260 2947 8⁰
290 2900 363 2945 eat
391 2912 450 2948 ex
478 2900 528 2945 et
556 2903 596 2946 Π
