2020 3132
239 93 343 138 XIV
916 90 1254 136 PRAEFATIO

239 234 402 282 bachii
434 234 683 282 indefessa
715 233 949 282 comitate
973 232 1099 279 mihi
1121 234 1319 294 praesto
1351 232 1563 294 fuerant,
1589 235 1648 280 ut
1671 233 1929 281 Laurenti-

239 324 390 356 anum
420 309 545 371 plut.
569 306 776 355 LXXVI
802 307 869 355 38
903 322 1027 356 saec.
1052 306 1184 366 XIV,
1208 306 1490 354 Parisinum
1516 307 1657 355 8542
1685 323 1807 356 saec.
1832 307 1931 355 XII

240 384 478 443 exeuntis,
520 383 750 445 excerpta
789 381 1036 444 quaedam
1075 380 1193 428 libri
1232 382 1390 428 musei
1429 380 1708 429 Britannici
1743 384 1806 430 11
1824 383 1932 439 983

242 452 296 523 (f.
324 458 417 505 48:
448 456 736 505 INCIPIT
760 454 1088 504 EPITOMA
1134 454 1532 504 LIBRORVM
1556 454 1797 504 ANNE]
1824 455 1930 504 SE-

239 530 441 596 NEC&
465 531 570 579 DE
598 529 1033 579 BENEFIGIIS
1072 529 1212 577 VEL
1245 528 1746 577 LIBERALITAJ
1751 531 1802 577 Ε
1829 530 1933 578 AD

239 606 340 653 ΕΒ
352 605 524 653 VRTI
531 605 640 653 VM
665 603 1117 653 LIBERALEM
1136 601 1285 651 AM]
1288 604 1328 652 Ο
1338 604 1445 651 VM
1470 602 1509 651 S
1519 598 1698 670 VVM)
1722 619 1846 652 saec.
1864 605 1934 652 XI

240 682 436 742 praeter
460 695 644 742 paucas
678 679 729 726 in
760 679 900 727 libris
934 679 992 726 de
1026 678 1290 726 clementia
1321 678 1538 726 Parisini
1570 672 1664 745 (¹1¹)
1695 679 1932 727 lectiones

239 770 348 801 meo
389 769 465 801 me
500 755 605 802 iure
639 754 874 802 abiecisse
907 751 1097 801 confido
1129 768 1288 815 neque
1321 753 1432 815 plus
1464 753 1593 800 lucri
1625 769 1682 800 ex
1713 753 1934 816 reliquis,

240 844 363 890 quos
393 828 525 876 idem
556 830 782 876 nominat
812 829 843 876 l.
869 828 901 875 l.
927 845 973 889 p.
1002 829 1086 888 20,
1119 827 1418 890 sperandum
1450 843 1567 876 esse.

315 901 455 959 Quod
487 904 531 950 si
563 902 663 950 iam
689 901 984 964 quaerimus,
1010 917 1137 963 quae
1160 901 1290 949 ratio
1322 902 1454 949 inter
1476 918 1629 951 novos
1660 902 1750 950 hos
1780 902 1933 950 libros

240 979 290 1025 et
314 980 527 1026 veterem
553 978 697 1025 illum
714 981 765 1025 N
789 975 1080 1036 intercedat,
1105 975 1231 1024 duae
1258 978 1554 1024 exstiterunt
1577 977 1797 1025 virorum
1823 977 1933 1024 doc-

240 1055 404 1100 torum
430 1052 630 1115 classes3
657 1067 868 1114 quarum
894 1051 1066 1112 altera,
1092 1052 1230 1098 cuius
1258 1052 1355 1100 dux
1381 1053 1456 1099 est
1481 1049 1643 1113 Gertz,
1668 1052 1934 1099 acerrimus

241 1127 426 1174 assecla
457 1126 612 1183 Buck‚
644 1125 892 1174 derivatos
933 1140 1036 1174 esse
1076 1140 1244 1173 omnes
1285 1125 1411 1174 alios
1451 1125 1640 1174 codices
1682 1141 1739 1172 ex
1769 1130 1822 1174 N
1854 1127 1932 1174 vel

239 1201 406 1263 potius
430 1205 483 1249 N
485 1194 504 1225 ²
531 1201 744 1261 censuit3
775 1216 892 1247 nam
917 1202 1048 1248 certe
1074 1214 1184 1247 cum
1208 1199 1285 1247 his
1309 1200 1389 1247 illi
1412 1200 1652 1248 sexcentis
1675 1200 1797 1248 locis
1823 1216 1934 1249 con-

241 1276 473 1324 sentiunt.
522 1274 697 1322 Altera
728 1291 844 1324 vero
872 1274 994 1321 duas
1020 1289 1122 1321 esse
1147 1274 1372 1322 codicum
1396 1274 1614 1322 familias
1639 1274 1702 1322 ad
1728 1274 1935 1322 eundem

242 1350 566 1412 archetypum
597 1349 874 1410 redeuntes,
908 1364 1117 1410 quarum
1148 1348 1271 1396 haec
1303 1351 1702 1411 repraesentetur
1731 1349 1935 1397 Nazari-

242 1440 353 1485 ano,
383 1425 472 1471 illa
504 1423 707 1486 reliquis
739 1423 894 1484 libris,
921 1422 1187 1471 contendit.
1229 1423 1397 1486 Atque
1428 1425 1565 1471 totus
1590 1423 1763 1472 iudicii
1789 1423 1936 1471 cardo

240 1500 292 1545 in
325 1515 381 1547 eo
406 1499 649 1559 versatur,
680 1515 800 1546 num
831 1498 1106 1559 permultos
1138 1497 1287 1559 locos,
1319 1497 1406 1546 ubi
1428 1502 1479 1547 R
1511 1498 1758 1560 ceterique
1790 1498 1936 1546 huius

242 1574 411 1636 stirpis
442 1575 594 1621 testes
629 1589 657 1620 a
681 1577 733 1620 N
764 1572 1013 1634 recedunt,
1046 1571 1263 1620 tribuere
1296 1573 1542 1635 possimus
1569 1574 1659 1620 aut
1683 1572 1936 1621 socordiae
2015 1631 2020 1636 ἢ

240 1648 712 1710 interpolationique
730 1648 1050 1695 librariorum
1066 1648 1170 1707 aut,
1180 1646 1266 1694 ubi
1278 1647 1558 1695 Nazariano
1572 1647 1780 1695 meliora
1796 1663 1938 1711 prae-

240 1723 373 1785 bent,
405 1722 641 1770 scientiae
674 1726 724 1770 et
756 1721 973 1770 acumini
1004 1722 1227 1769 virorum
1259 1719 1440 1770 aetatis
1467 1720 1824 1786 Carolingicae.
1869 1723 1938 1770 At

243 1813 545 1860 quamquam
568 1812 667 1844 non
691 1796 809 1845 solis
834 1796 911 1845 his
936 1796 1239 1858 temporibus
1268 1796 1490 1844 homines
1516 1798 1632 1844 sunt
1655 1797 1938 1859 prudentes,

242 1872 294 1920 id
318 1871 448 1934 quod
472 1871 777 1933 proclamare
803 1873 974 1918 amant
1001 1870 1340 1933 imprudentes
1359 1873 1409 1918 et
1425 1872 1662 1933 temporis
1680 1871 1778 1918 acti
1796 1871 1937 1918 nimii

242 1948 619 2008 contemptores,
652 1948 822 1994 tamen
854 1947 1050 1993 tantam
1081 1945 1262 1993 molem
1295 1947 1685 1993 correcturarum
1708 1962 1936 1994 verarum

241 2024 348 2069 tum
380 2023 638 2083 repertam*
662 2020 814 2068 fuisse
848 2022 906 2067 ut
938 2019 1229 2081 existimem,
1262 2019 1490 2082 equidem
1518 2036 1545 2066 a
1570 2036 1647 2068 me
1672 2020 1938 2083 impetrare

241 2096 324 2144 vix
354 2110 569 2158 possum.
624 2094 888 2143 Praeterea
917 2094 1133 2154 illorum,
1167 2094 1253 2155 qui
1285 2109 1315 2141 a
1346 2095 1596 2142 contraria
1628 2097 1769 2157 parte
1802 2096 1939 2142 stant

243 2173 293 2218 et
324 2170 514 2218 codices
547 2169 815 2218 deteriores
847 2185 876 2216 a
900 2172 952 2217 N
957 2161 976 2193 ²
1000 2170 1245 2232 originem
1270 2168 1448 2216 ducere
1474 2170 1718 2232 statuunt,
1744 2171 1939 2217 senten·

242 2245 343 2293 tiae
369 2260 646 2309 repugnare
670 2243 904 2292 videntur
928 2245 977 2291 et
1001 2243 1113 2304 loci,
1137 2242 1224 2290 ubi
1246 2242 1299 2290 hi
1323 2243 1517 2292 codices
1543 2246 1633 2291 aut
1658 2259 1825 2292 omnes
1852 2246 1940 2291 aut

242 2319 427 2384 singuli
467 2334 577 2367 cum
615 2322 668 2366 N
706 2322 878 2367 contra
909 2310 984 2365 N2
1024 2319 1292 2365 concinunt
1330 2319 1387 2365 ut
1421 2319 1467 2379 9,
1504 2319 1595 2380 24,
1641 2319 1723 2379 13,
1759 2320 1818 2379 3,
1855 2319 1939 2378 17,

246 2394 336 2456 183
370 2395 456 2455 46,
484 2394 574 2455 14,
609 2394 694 2456 64,
719 2394 774 2452 4,
809 2393 893 2452 88,
923 2394 1012 2452 17,
1050 2392 1134 2453 98,
1162 2393 1228 2439 12
1260 2392 1339 2454 aL,
1371 2393 1666 2454 praesertim
1698 2393 1741 2440 si
1771 2392 1938 2440 hocin

242 2468 433 2516 mendis
466 2468 647 2515 calami
677 2467 868 2515 factum
901 2468 989 2526 est,
1021 2466 1106 2513 ubi
1131 2466 1368 2515 correctio
1394 2466 1599 2515 alterius
1624 2482 1799 2514 manus
1824 2469 1939 2515 sim-

242 2543 355 2605 plex
380 2542 612 2605 luscoque
637 2557 794 2604 paene
819 2541 962 2588 oculo
989 2540 1206 2589 dilucida
1231 2543 1319 2603 est,
1342 2543 1400 2588 ut
1426 2543 1473 2603 3,
1502 2541 1591 2603 13,
1617 2543 1666 2602 4,
1693 2542 1747 2604 9,
1775 2543 1859 2603 29,
1875 2543 1903 2589 6
1927 2559 1938 2602 ,

245 2618 328 2679 33,
358 2619 413 2678 43
447 2619 531 2677 37,
562 2617 616 2678 53
651 2617 735 2676 50,
765 2616 856 2677 233
902 2616 987 2675 54,
1014 2616 1104 2678 13,
1140 2616 1231 2677 24,
1269 2616 1354 2676 55,
1385 2617 1474 2677 13,
1514 2618 1595 2677 71,
1626 2616 1718 2676 28,
1762 2617 1845 2676 73,
1871 2616 1937 2677 8,

245 2693 330 2748 87,
359 2693 448 2753 17,
483 2692 573 2752 25,
600 2691 688 2752 88,
711 2692 776 2739 21
807 2690 884 2751 al.,
909 2692 959 2738 et
981 2689 1067 2737 ubi
1096 2691 1284 2738 rectum
1308 2689 1547 2751 praebent
1570 2691 1741 2738 contra
1764 2694 1817 2738 N
1841 2705 1933 2752 op-

242 2767 498 2830 pugnante
531 2766 804 2815 correctore
836 2765 926 2811 aut
955 2764 1206 2824 reticente,
1238 2765 1294 2811 ut
1328 2764 1374 2826 5,
1402 2765 1493 2826 22,
1527 2765 1611 2825 47,
1640 2764 1732 2825 28,
1765 2765 1850 2827 48,
1877 2765 1930 2826 2,

247 2843 337 2901 16,
373 2843 464 2900 27,
500 2841 703 2903 50,10,
739 2840 822 2900 57,
848 2840 904 2899 4,
939 2838 1105 2900 59,1,
1140 2839 1233 2900 22,
1269 2840 1352 2900 78,
1379 2838 1433 2900 5,
1468 2841 1553 2899 81,
1581 2840 1663 2902 20,
1698 2838 1776 2896 aL,
1806 2839 1940 2886 inter

244 2930 366 2976 quos
391 2914 674 2978 gravissimi
698 2912 928 2975 ponderis
954 2915 1070 2960 sunt
1093 2912 1299 2960 lacunae
1325 2912 1595 2961 Nazariani
1619 2915 1750 2961 recte
1776 2913 1939 2976 exple-
