2020 3132
850 103 1192 149 PRAEFATIO
1771 106 1877 150 XXI

172 248 408 310 abreptus
442 248 518 294 est,
549 246 614 294 ad
645 246 768 294 vilia.
800 248 853 294 et
879 245 1105 295 absurda.
1148 247 1302 296 Velut,
1333 247 1631 297 temeritatis
1662 248 1876 298 infelicis

173 322 454 384 exemplum
486 321 792 370 luculentum
826 322 988 370 exstat
1016 323 1137 383 178,
1165 324 1212 383 9,
1245 322 1332 371 ubi
1355 322 1569 388 Vergilii
1600 339 1746 372 versu
1778 339 1876 372 non

170 397 426 445 intellecto
445 396 645 459 scripsit
667 397 808 445 nulla
831 411 971 445 mora
994 397 1121 445 inter
1143 413 1233 446 nos
1258 401 1346 461 θείς
1372 398 1699 447 scholasticus
1723 396 1877 446 medii

170 473 283 521 aevi
316 472 438 533 131,
472 473 542 520 20
573 486 726 532 usque
757 472 824 520 ad
855 473 975 521 celos
1006 472 1189 535 voluit,
1230 489 1319 521 nec
1350 474 1527 522 melius
1560 472 1878 538 contigerunt

173 547 221 609 5,
241 548 271 595 9
298 547 482 596 occasio
507 549 595 595 aut
616 547 852 595 timiditas
879 548 925 608 7,
945 549 1011 595 21
1039 547 1213 597 melius
1236 549 1374 597 clara
1400 550 1448 610 8,
1467 551 1496 597 2
1522 550 1775 597 nominum
1789 549 1878 597 da-

170 622 264 670 tori
297 626 381 682 11,
416 623 484 670 10
522 623 661 683 farre
692 636 751 669 ac
779 623 930 670 suilla
964 622 1049 683 26,
1077 624 1144 671 14
1176 624 1318 672 modo
1349 638 1442 685 quo
1459 624 1671 685 putabat
1695 625 1781 688 29,
1807 625 1874 672 29

169 699 286 746 uicti
323 697 478 744 hostes
514 697 782 746 uictoribus
819 698 1011 745 iacuere
1045 698 1130 759 31,
1158 701 1227 747 10
1258 699 1497 760 frigidam
1530 700 1663 759 equis
1695 713 1877 758 aquam

171 773 256 832 33,
278 775 303 820 1
332 772 497 819 minus
522 786 670 831 quam
694 771 954 820 debeamus
979 773 1065 834 41,
1087 773 1116 820 3
1145 776 1188 821 et
1218 789 1259 834 q.
1277 789 1338 822 m.
1366 789 1472 823 eam
1496 776 1645 835 refert
1669 790 1762 822 om.
1790 775 1876 835 46,

171 848 239 894 26
265 847 464 906 suficiat
486 861 566 895 an.
593 861 672 894 an.
699 846 818 908 quid
850 861 959 908 erqo
991 848 1036 895 si
1058 862 1158 895 non
1173 852 1377 909 potuero
1404 850 1489 912 47,
1519 850 1548 896 6
1566 849 1731 909 pilam
1754 850 1877 898 scire

168 922 284 970 bene
313 922 471 970 iacere
502 936 560 969 ac
586 923 669 985 53,
690 923 757 969 22
785 922 1046 970 transtulit.
1062 926 1400 984 praesentium
1422 925 1629 972 intuitus
1654 939 1712 971 ac
1726 939 1875 985 prae-

167 999 418 1045 teritorum
451 997 685 1045 memoria
719 997 804 1057 58,
832 998 899 1044 27
932 998 986 1044 in
1018 999 1315 1058 confessione
1341 1001 1426 1060 62,
1453 1001 1483 1047 3
1519 1013 1766 1047 commune
1798 1001 1877 1047 de-

166 1073 332 1120 lictum
352 1073 436 1134 73,
456 1073 523 1119 27
546 1075 746 1133 yratum
768 1073 854 1120 sed
878 1073 1042 1120 animo
1066 1073 1174 1122 ideo
1198 1076 1360 1123 maius
1384 1075 1609 1123 omnibus
1633 1076 1752 1134 quia
1768 1075 1875 1135 pri-

165 1163 299 1195 mum
331 1149 399 1195 est
425 1148 589 1208 76,27
615 1147 866 1196 hostilibus
896 1149 1039 1196 satiet
1071 1141 1292 1214 (divitem
1317 1142 1437 1216 om.)
1458 1151 1525 1197 77
1531 1151 1624 1211 ,20
1641 1165 1876 1210 praecep-

167 1223 283 1270 toris
314 1223 409 1270 mei
440 1222 634 1284 quidem
664 1224 913 1271 institutus
939 1223 1024 1282 87,
1045 1225 1074 1271 6
1101 1225 1361 1274 mentieris.
1412 1225 1540 1287 Quid
1571 1239 1683 1273 vero
1714 1226 1876 1285 fatum

166 1297 308 1345 aliud
331 1299 399 1346 est
421 1312 570 1358 quam
596 1298 681 1359 92,
704 1301 729 1346 1
757 1298 986 1346 Mundus
1011 1300 1167 1360 inquit
1189 1300 1431 1349 incessum
1455 1300 1677 1349 absoluit.
1718 1301 1877 1362 inquit

170 1374 253 1434 94,
282 1373 351 1420 20
375 1373 471 1433 ipsi
493 1373 729 1421 inutilem.
755 1373 875 1434 quid
899 1375 1061 1422 autem
1085 1375 1171 1422 tibi
1201 1368 1413 1432 uidetur,
1444 1391 1554 1424 cum
1579 1376 1666 1424 tibi
1692 1376 1777 1435 95,
1805 1378 1872 1424 12

164 1462 304 1508 quem
326 1462 488 1495 secum
514 1462 570 1496 ex
593 1462 686 1508 quo
709 1449 931 1496 nascitur
951 1450 1116 1512 101,4
1141 1464 1193 1510 se
1222 1452 1404 1511 spaciis
1426 1466 1564 1511 spere
1590 1443 1686 1517 (=
1704 1452 1875 1511 sphae-

164 1516 308 1588 rae?)
332 1523 381 1580 fl.
412 1523 533 1583 103,
561 1524 590 1570 3
624 1524 799 1571 stultus
832 1525 960 1572 enim
983 1525 1147 1573 malus
1172 1528 1269 1584 est,·
1300 1527 1384 1587 qui
1416 1530 1578 1575 autem
1608 1527 1770 1574 malus
1806 1528 1872 1575 13

164 1613 313 1658 quam
337 1599 576 1658 captatori
601 1599 685 1658 qui
699 1599 994 1658 peccuniam
1016 1600 1136 1662 106,
1157 1602 1226 1648 20
1251 1601 1511 1650 industriis
1519 1602 1771 1662 praetulit.
1789 1602 1875 1650 sed

163 1673 302 1721 nobis
323 1687 424 1720 non
443 1674 510 1721 29
538 1674 682 1721 etiam
697 1674 952 1734 impediret
967 1675 1070 1723 uiri
1084 1678 1200 1724 uota
1219 1677 1331 1724 boni
1346 1691 1443 1725 sac.
1466 1680 1491 1725 1
1503 1680 1529 1725 1
1541 1677 1588 1737 5,
1608 1677 1675 1724 24
1695 1677 1872 1726 Reiici-

164 1747 276 1796 endi
298 1750 426 1796 sunt.
446 1750 629 1809 piynus
655 1752 723 1797 est
750 1750 870 1812 118,
896 1751 928 1797 4
953 1752 1131 1798 metam
1144 1753 1291 1811 prior
1315 1752 1465 1813 tetiqit
1491 1753 1612 1812 119,
1635 1754 1695 1800 11
1727 1766 1875 1813 opera

162 1823 343 1871 donari
362 1825 483 1884 120,
502 1824 533 1871 4
559 1824 668 1872 illos
693 1824 801 1872 odio
825 1825 1056 1874 habemus
1085 1826 1206 1887 130,
1227 1830 1253 1876 1
1285 1827 1508 1887 colliqens
1533 1827 1690 1884 labem
1707 1819 1873 1893 (libem

164 1890 238 1964 G)
257 1897 343 1960 al.3
376 1899 500 1961 quin
526 1897 676 1946 etiam
704 1898 792 1947 ubi
809 1900 1172 1948 sententiarum
1189 1900 1386 1949 hiatum
1403 1901 1637 1951 odoratus
1657 1917 1760 1950 esse
1778 1902 1873 1950 sibi
1967 1969 1969 1971 ³

162 1971 444 2035 videbatur,
461 1973 804 2022 additamenta
820 1975 932 2038 plus
950 1976 1116 2024 minus
1134 1977 1303 2038 ampla
1321 1976 1557 2026 audacter
1571 1977 1756 2042 fingere
1773 1993 1872 2025 non

163 2047 430 2110 dubitavit,
451 2051 510 2097 ut
532 2051 724 2097 textum
750 2049 1012 2113 praeberet
1037 2051 1391 2115 qualicumque
1415 2052 1562 2101 modo
1581 2052 1872 2115 dilucidum,

163 2139 313 2185 quam
339 2125 552 2172 maxime
575 2124 755 2187 enisus,
781 2127 838 2173 ut
858 2126 905 2187 6,
924 2126 955 2174 8
981 2129 1111 2175 ueste
1133 2130 1339 2175 utuntur
1360 2130 1443 2186 11,
1464 2128 1531 2177 25
1559 2129 1686 2189 quod
1708 2130 1874 2176 statim

161 2197 303 2259 facili
326 2212 474 2258 quam
498 2200 626 2259 quod
646 2201 794 2260 plena
810 2216 966 2249 manu
990 2202 1128 2250 tarde
1145 2203 1293 2250 datur
1313 2205 1397 2264 12,
1417 2203 1446 2251 5
1466 2204 1622 2251 multa
1647 2205 1750 2252 eius
1774 2203 1870 2251 dis-

161 2273 314 2333 cipubi
341 2274 425 2334 16,
451 2274 482 2321 4
508 2275 677 2323 uiuere
706 2275 792 2324 sed
821 2291 921 2324 non
951 2277 1176 2325 debemus
1207 2281 1262 2326 ut
1290 2293 1421 2326 mors
1444 2280 1608 2338 potior
1638 2281 1703 2327 sit
1725 2293 1873 2339 quam

161 2348 360 2397 libertas
385 2351 427 2396 et
440 2364 494 2409 p.
521 2351 566 2398 et
585 2365 720 2398 mens
752 2351 878 2399 bona
903 2352 1030 2400 absit
1047 2353 1132 2414 24,
1154 2354 1218 2401 19
1245 2353 1328 2413 fac
1352 2355 1442 2402 cito
1466 2354 1510 2401 si
1530 2354 1613 2415 28,
1635 2356 1699 2403 11
1727 2353 1872 2403 semel

159 2424 283 2472 satis
304 2425 359 2471 in
384 2424 470 2485 35,
492 2425 557 2472 19
578 2425 792 2474 debeant.
810 2426 1018 2486 qualiter
1033 2429 1133 2476 sint
1148 2427 1381 2488 beneficia
1397 2429 1674 2490 recipienda
1695 2430 1779 2491 44,
1801 2430 1870 2477 20

161 2501 204 2546 et
233 2499 288 2546 in
318 2499 608 2561 neqliyentes
639 2502 794 2549 nostri
824 2502 937 2551 deos
969 2504 1300 2563 querimonias
1322 2505 1512 2552 iaciunt
1535 2504 1663 2565 quod
1687 2504 1774 2564 45,
1802 2506 1867 2552 16

159 2573 346 2622 credidi
368 2577 423 2622 ut
446 2575 662 2624 elicerem
681 2575 766 2637 53,
789 2577 854 2624 15
881 2591 981 2626 non
1002 2579 1057 2626 in
1080 2580 1366 2627 memoriam
1381 2579 1674 2628 reducamus
1695 2580 1780 2640 57,
1802 2579 1867 2627 18

161 2648 387 2697 remediis
409 2650 707 2710 refocillasse
738 2651 975 2712 luyentem
1003 2653 1087 2714 61,
1106 2654 1138 2701 4
1155 2655 1425 2714 peccunias
1440 2658 1586 2715 pacto
1619 2656 1870 2703 conuento-

159 2738 250 2784 que
274 2724 482 2773 creditas
508 2718 591 2790 (ex
618 2727 703 2787 61,
723 2719 779 2793 6)
800 2726 886 2788 82,
903 2728 970 2776 29
991 2728 1111 2776 bono
1126 2730 1402 2778 inserenda.
1421 2722 1518 2796 (sic
1534 2726 1871 2778 distinxerunt

159 2798 311 2847 etiam
336 2792 525 2867 RGP)
548 2801 655 2850 Hec
678 2803 746 2849 mi
770 2801 800 2850 l.
826 2801 1033 2852 dicenda
1062 2803 1267 2863 fuerunt
1291 2805 1375 2866 94,
1401 2805 1473 2853 ’20
1505 2805 1604 2865 ipsi
1634 2805 1866 2854 inutilem.

157 2872 276 2934 quid
298 2876 459 2923 autem
483 2875 570 2924 tibi
592 2876 789 2924 uidetur
813 2891 922 2925 cum
947 2879 975 2924 t.
994 2893 1040 2926 n.
1067 2878 1126 2927 de
1151 2893 1200 2927 eo
1226 2879 1310 2939 qui
1334 2879 1449 2927 adu.
1471 2879 1554 2941 95,
1576 2881 1644 2929 10
1663 2881 1717 2928 in
1741 2879 1868 2941 quod

154 2949 488 3011 unusquisque
517 2954 702 2999 natura
725 2966 918 3012 pronus
952 2954 1020 3001 est
1051 2953 1150 3015 leye
1180 2954 1365 3015 impelli
1393 2955 1513 3017 111,
1542 2956 1607 3006 21
1645 2955 1866 3016 comperi.
