2020 3132
88 782 203 827 1111

237 118 348 173 214
776 120 827 165 L.
857 120 1095 165 ANNAEI
1125 120 1398 166 SENECAE

239 261 292 310 et
335 256 591 309 vitiorum
641 257 875 328 erupti03
922 257 1105 326 itaque
1151 257 1454 311 adhibenda
1491 260 1788 313 moderatio
1836 265 1932 327 est,

241 350 375 399 quae
422 330 683 384 sanabilia
729 331 944 403 ingenia
991 332 1318 403 distinguere
1365 352 1396 386 a
1445 333 1735 403 deploratis
1782 335 1929 390 sciat.

239 405 354 459 Nec
383 405 746 474 promiscuam
776 405 972 459 habere
1004 425 1064 459 ac
1094 407 1367 478 volgarem
1401 408 1738 462 clementiam
1772 428 1930 479 opor·

237 483 316 533 tet
346 498 444 532 nec
475 480 759 551 abscisam3
797 499 922 534 nam
960 484 1071 534 tam
1106 482 1355 535 omnibus
1397 483 1674 552 ignoscere
1706 485 1928 537 crudeli-

236 558 319 607 tas
353 573 513 624 quam
544 555 697 607 nulli.
736 554 959 608 Modum
990 559 1169 608 tenere
1201 556 1476 626 debemus3
1509 557 1602 610 sed
1635 558 1761 627 quia
1792 559 1929 611 diffi-
1975 577 1996 610 5

237 629 338 682 cile
370 632 450 682 est
479 631 983 698 temperamentum,
1017 630 1278 700 quidquid
1319 649 1489 700 aequo
1532 633 1654 701 plus
1686 633 1927 686 futurum

236 707 331 772 est,
363 704 418 756 in
449 707 658 772 partem
691 704 1063 757 humaniorem
1095 705 1496 775 praeponderet.
1717 728 1721 735 ·

315 778 419 831 Sed
449 779 581 832 haec
613 796 708 837 suo
742 779 934 831 melius
965 780 1086 832 loco
1113 779 1367 832 dicentur.
1401 779 1563 834 Nunc
1586 781 1643 834 in
1674 784 1782 834 tres
1806 800 1926 851 par-

235 856 315 906 tes
350 871 562 905 omnem
594 854 732 906 hanc
763 853 1042 906 materiam
1083 854 1330 908 dividam.
1391 854 1572 908 Prima
1611 856 1712 908 erit
1743 875 1928 910 manu-

234 927 528 997 missionis;
569 928 823 996 secunda,
864 946 999 997 quae
1030 931 1279 981 naturam
1311 930 1628 983 clementiae
1660 930 1925 984 habitum·
1954 950 1997 982 10

235 1020 338 1071 que
370 1002 722 1056 demonstret:
761 1021 885 1055 nam
926 1021 1047 1056 cum
1087 1003 1197 1055 sint
1235 1004 1368 1057 vitia
1407 1004 1666 1073 quaedam
1697 1006 1922 1058 virtutes

233 1075 519 1142 imitantia,
558 1094 667 1130 non
698 1080 926 1146 possunt
960 1077 1178 1148 secerni,
1209 1077 1314 1130 nisi
1351 1079 1520 1148 signa,
1552 1078 1747 1148 quibus
1781 1080 1929 1133 dino-

234 1153 466 1221 scantur,
498 1150 835 1221 inpresseris3
867 1152 1029 1204 tertio
1053 1151 1177 1205 loco
1203 1170 1533 1223 quaeremus,
1567 1154 1836 1223 quomodo
1862 1154 1929 1207 ad

232 1225 370 1278 hanc
408 1226 662 1278 virtutem
701 1226 1025 1295 perducatur
1065 1226 1277 1279 animus
1285 1269 1299 1296 ,
1341 1227 1610 1296 quomodo
1653 1229 1932 1281 confirmet

233 1319 348 1353 eam
383 1303 436 1353 et
467 1318 567 1353 usu
602 1319 748 1353 suam
784 1301 960 1353 faciat.
1955 1321 1997 1355 15

310 1374 533 1428 Nullam
582 1394 646 1428 ex
696 1375 945 1428 omnibus
994 1375 1290 1429 virtutibus
1331 1376 1539 1429 homini
1585 1378 1758 1448 magis
1812 1397 1933 1432 con-

233 1451 434 1518 venire,
464 1468 585 1503 cum
619 1451 690 1503 sit
722 1451 870 1503 nulla
892 1450 1194 1519 humanior,
1227 1453 1436 1504 constet
1466 1469 1679 1504 necesse
1711 1455 1792 1506 est
1822 1471 1932 1506 non

232 1523 408 1576 solum
440 1525 581 1577 inter
611 1542 726 1594 nos,
759 1526 851 1592 qui
882 1524 1157 1578 hominem
1190 1525 1388 1579 sociale
1426 1525 1625 1579 animal
1659 1529 1928 1581 communi

233 1598 376 1651 bono
426 1600 669 1670 genitum
718 1599 887 1651 videri
933 1598 1206 1668 volumus,
1256 1600 1348 1653 sed
1398 1599 1560 1653 etiam
1606 1601 1746 1654 inter
1792 1603 1930 1672 illos,

233 1673 324 1741 qui
370 1673 645 1726 hominem
694 1673 962 1743 voluptati
1011 1674 1237 1743 donant,
1285 1693 1514 1744 quorum
1562 1677 1742 1728 omnia
1790 1677 1930 1729 dicta
1955 1695 1998 1729 20

231 1748 479 1817 factaque
524 1748 588 1800 ad
631 1748 897 1802 utilitates
943 1767 1066 1801 suas
1111 1752 1379 1820 spectant3
1426 1767 1550 1802 nam
1604 1749 1649 1802 si
1695 1751 1926 1819 quietem

231 1823 370 1891 petit
401 1825 456 1875 et
488 1823 676 1891 otium,
706 1822 847 1876 hanc
878 1822 1134 1876 virtutem
1166 1827 1390 1877 naturae
1423 1842 1549 1876 suae
1581 1828 1810 1878 nanctus
1835 1829 1931 1895 est,

176 1911 202 1950 3
238 1915 373 1966 quae
405 1915 590 1966 pacem
623 1901 769 1950 amat
801 1901 854 1950 et
884 1916 1074 1950 manus
1105 1899 1314 1951 retinet.
1361 1897 1587 1952 Nullum
1618 1902 1799 1952 tamen
1831 1902 1929 1953 cle-

235 1971 438 2024 mentia
476 1990 540 2023 ex
581 1972 832 2025 omnibus
871 1972 1046 2043 magis
1086 1991 1249 2042 quam
1291 1991 1473 2043 regem
1512 1976 1605 2026 aut
1634 1974 1929 2044 principem

236 2045 402 2100 decet.
443 2045 527 2099 Ita
559 2047 700 2099 enim
732 2065 958 2118 magnae
990 2047 1128 2101 vires
1161 2047 1339 2101 decori
1371 2047 1680 2118 gloriaeque
1713 2053 1851 2118 sunt,
1885 2049 1928 2103 si
1952 2068 1994 2101 π

305 2187 326 2221 1
359 2178 556 2235 irruptio
589 2179 644 2221 1.¹
765 2188 789 2222 3
820 2179 1016 2237 uulgare
1047 2183 1112 2236 (m
1143 2181 1251 2226 add.
1275 2180 1354 2238 ΝΞ)
1378 2185 1464 2223 ΝΒ
1585 2181 1871 2225 dementiam
1903 2186 1928 2224 S

305 2246 328 2280 4
361 2239 488 2283 crud.
521 2240 593 2283 est
625 2243 788 2282 AFLP
909 2247 932 2282 5
964 2241 1102 2284 modo
1134 2239 1197 2283 Νι
1226 2241 1363 2285 modo
1397 2242 1445 2296 (u
1475 2255 1612 2297 super
1635 2254 1661 2284 o
1686 2242 1784 2301 alt.)
1809 2245 1847 2283 R

226 2297 373 2342 teneri
403 2298 460 2340 L¹
592 2307 610 2340 ’1
644 2300 779 2355 parte
810 2298 872 2341 Νι
999 2306 1022 2342 8
1055 2314 1137 2343 suo
1168 2299 1271 2343 loco
1302 2298 1469 2343 melius
1500 2303 1663 2343 AFLP
1790 2309 1814 2343 9
1848 2301 1926 2344 de-

227 2356 376 2401 uitam
399 2358 462 2400 Nl
581 2371 747 2401 manus
771 2357 1035 2402 iniectionis
1049 2360 1151 2416 My.
1181 2359 1232 2403 in
1265 2359 1410 2403 animi
1440 2359 1622 2403 remissi
1651 2359 1788 2404 bonis
1811 2361 1927 2404 Tho-

225 2431 324 2462 mas
356 2416 503 2460 animi
534 2417 622 2474 (tui
654 2419 961 2474 an.Pre'chac)
1004 2418 1289 2463 remissionis
1314 2419 1612 2477 Kronenbery
1653 2419 1925 2464 monitionis

226 2477 435 2521 Eussner
465 2479 763 2521 mansuetum
790 2477 998 2521 animum
1023 2492 1123 2523 esse
1146 2478 1357 2523 -hominis
1375 2480 1642 2536 Bourqery5
1674 2480 1761 2523 alii
1792 2480 1927 2524 aliter

299 2544 347 2579 1⁰
379 2537 612 2580 secundae
645 2539 786 2592 atque
818 2539 911 2580 nat.
938 2542 977 2580 Η
1009 2539 1308 2593 secundaque
1331 2537 1393 2581 1³²
1425 2551 1514 2582 sec.
1548 2551 1616 2590 ea,
1650 2552 1770 2594 quae
1792 2539 1925 2583 Gertz

300 2603 344 2638 11
368 2597 687 2640 demonstrent
709 2601 795 2639 NB.
907 2605 954 2640 12
980 2597 1216 2642 discantur
1239 2603 1271 2640 L
1383 2606 1430 2640 18
1455 2597 1695 2653 quaeritur
1717 2601 1754 2639 A
1785 2611 1926 2654 quae-

224 2654 370 2698 rimus
395 2659 426 2698 0
451 2669 564 2700 corr.
592 2674 627 2700 ω
748 2664 795 2698 14
818 2655 926 2699 uirt.
961 2657 1083 2700 hanc
1106 2657 1168 2699 12¹
1287 2665 1333 2700 1⁶
1357 2657 1413 2701 N.
1441 2656 1566 2701 enim
1591 2670 1645 2700 ex
1669 2661 1702 2700 1.
1733 2656 1790 2701 N.
1815 2670 1924 2700 uero

226 2728 283 2758 ex
313 2719 345 2757 Τ
465 2715 620 2773 magis
651 2720 684 2757 1.
723 2721 764 2760 et
795 2721 900 2760 ante
931 2715 1053 2759 hom.
1080 2721 1112 2759 Τ
1152 2716 1219 2760 sic
1241 2719 1279 2758 A
1311 2730 1395 2761 om.
1422 2720 1452 2760 0
1574 2724 1620 2759 18
1650 2716 1862 2760 homines
1888 2720 1925 2758 A

301 2787 543 2818 commune
567 2774 708 2818 ibono
726 2774 788 2817 Νι
877 2783 924 2818 19
941 2775 1102 2832 genito
1118 2781 1155 2818 N
1166 2776 1181 2801 ¹
1203 2777 1277 2819 -tu
1292 2780 1330 2818 R
1414 2777 1497 2820 sed
1521 2777 1568 2819 et
1583 2780 1620 2818 A
1703 2783 1752 2818 2⁰
1769 2774 1926 2819 omnia

226 2847 421 2887 quorum
459 2838 493 2876 P
614 2842 659 2877 21
698 2833 959 2878 utilitatem
998 2848 1128 2879 suam
1159 2839 1324 2879 AFLP
1442 2844 1490 2878 22
1522 2834 1561 2878 85
1590 2834 1759 2878 totium
1789 2834 1852 2877 Ν]

225 2900 273 2934 24
306 2906 360 2936 ac
389 2908 457 2949 pr.
485 2898 511 2936 S
632 2902 679 2937 25
711 2895 946 2951 magn(a)e
976 2894 1089 2939 uiris
1114 2895 1265 2938 war
1296 2894 1456 2953 magni
1486 2893 1600 2938 iuris
1626 2894 1740 2951 (dec.
1766 2895 1869 2954 om.)
1892 2899 1925 2938 1.

225 2950 409 3008 magnis
440 2951 554 2997 uiris
582 2958 607 2997 s
744 2954 871 3014 sunt]
905 2955 976 2997 est
1007 2959 1034 2999 8
