2020 3132
237 85 340 136 174
769 83 819 128 L.
850 82 1088 127 ANNAEI
1118 81 1391 128 SENECAE

231 219 370 290 grati
404 219 532 272 est1'
584 217 647 271 Id
680 220 915 288 apertius
948 220 1244 288 exprimere
1275 238 1385 272 non
1415 238 1648 288 possum,
1689 239 1847 289 quam
1881 221 1924 273 si

231 293 545 362 repetivere,
588 294 732 364 quod
766 294 897 347 dixi:
938 293 1065 347 Non
1096 294 1177 347 vis
1209 294 1428 347 reddere
1460 298 1739 364 acceptum
1771 296 1925 347 bene-

230 368 437 437 ficium,
477 368 570 421 sed
609 368 858 439 effugere.
915 368 1035 421 Hoc
1074 369 1248 421 dicere
1279 370 1498 422 videris:
1544 369 1787 432 ‘Quando
1819 370 1924 423 isto

232 443 459 495 carebo?
499 460 838 512 quocumque
869 443 1028 496 modo
1060 443 1196 496 mihi
1227 443 1578 496 laborandum
1611 447 1705 514 est,
1736 462 1804 497 ne
1835 445 1924 496 isti

232 517 503 588 obligatus
537 517 673 569 sim.'
727 516 784 570 Si
818 522 1045 587 optareS,
1075 521 1138 570 ut
1168 518 1251 571 iHi
1282 518 1346 570 de
1379 537 1475 572 suo
1510 518 1756 588 solveres,
1787 521 1924 571 mul·
1974 551 1992 584 5

231 595 346 644 tum
381 591 565 645 abesse
598 591 851 646 videreris
884 611 913 645 a
946 595 1122 662 grat03
1161 593 1278 662 hoc,
1311 593 1454 662 quod
1488 596 1655 663 optas,
1689 594 1925 662 iniquius

233 670 333 718 est:
386 666 648 720 execraris
693 666 835 720 enim
879 667 1032 721 illum
1076 670 1129 720 et
1172 671 1335 736 caput
1377 671 1620 720 sanctum
1665 668 1767 721 tibi
1812 667 1927 720 dira

174 755 197 792 5
230 741 538 810 precatione
582 741 786 811 defigis
840 740 1038 812 Nemo,
1081 745 1142 794 ut
1189 742 1460 812 existimO,
1504 742 1567 795 de
1610 742 1927 795 inmanitate

233 816 397 868 animi
428 816 509 868 tui
541 816 833 886 dubitaret,
873 816 919 868 si
958 820 1139 885 aperte
1172 817 1253 869 issi
1284 820 1679 886 paupertatem,
1719 818 1765 870 si
1806 835 1926 886 cap-

232 890 513 954 tivitatem,
547 890 592 942 si
623 890 819 944 famem
852 909 914 944 ac
945 894 1149 944 metum
1182 892 1555 963 inprecareris;
1600 895 1655 944 at
1688 892 1816 961 quid
1848 892 1924 943 in·
1950 923 1992 954 10

231 968 410 1033 terest,
442 968 624 1017 utrum
656 983 762 1018 vox
793 965 897 1018 ista
930 965 999 1019 sit
1031 966 1146 1019 voti
1178 967 1258 1018 tui
1290 985 1358 1018 an
1388 966 1506 1019 vis?
1546 967 1750 1036 aliquid
1782 967 1923 1019 enim

230 1039 424 1092 horum
465 1043 632 1109 optas.
686 1039 714 1092 I
752 1059 894 1093 nunc
934 1042 988 1093 et
1029 1040 1132 1093 hoc
1164 1059 1278 1093 esse
1310 1041 1451 1111 grati
1484 1044 1638 1111 puta,
1686 1041 1830 1110 quod
1862 1060 1928 1094 ne

232 1115 475 1184 ingratus
501 1115 715 1183 quidem
740 1115 953 1183 faceret,
987 1116 1080 1184 qui
1112 1115 1272 1168 modo
1304 1134 1411 1168 non
1446 1133 1616 1184 usque
1648 1115 1706 1168 in
1730 1116 1928 1182 odium,

232 1189 324 1241 sed
356 1192 566 1241 tantum
598 1207 769 1258 usque
809 1189 876 1240 ad
907 1189 1286 1242 infitiationem
1324 1190 1572 1243 beneficii
1603 1191 1928 1259 perveniret!

54 1268 247 1313 XXXVI
273 1272 296 1312 1
407 1262 537 1326 Quis
571 1263 719 1332 pium
755 1264 894 1317 dicet
925 1263 1159 1333 Aenean,
1192 1264 1236 1316 si
1268 1265 1498 1334 patriam
1532 1266 1652 1334 capi
1684 1265 1928 1332 voluerit,
1957 1294 1996 1326 15

232 1341 292 1390 ut
334 1338 639 1406 captivitati
677 1341 882 1407 patrem
926 1339 1154 1408 eripiat?
1210 1338 1339 1402 Quis
1372 1338 1580 1392 Siculos
1620 1340 1838 1393 iuvenes
1870 1342 1931 1392 ut

232 1413 374 1465 bona
396 1412 582 1465 liberis
607 1414 849 1482 exempla
873 1413 1211 1482 monstrabit,
1243 1414 1288 1466 si
1321 1414 1639 1483 optaverint,
1670 1417 1731 1467 ut
1755 1413 1930 1467 Aetna

232 1487 530 1540 inmensam
569 1487 779 1557 ignium
813 1489 920 1540 vim
955 1507 1115 1557 super
1147 1487 1367 1541 solitum
1400 1489 1589 1541 ardens
1632 1492 1686 1542 et
1716 1489 1931 1542 incensa

233 1563 550 1631 praecipitet
584 1563 773 1615 datura
811 1563 943 1632 ipsis
978 1563 1310 1616 occasionem
1352 1563 1682 1616 exhibendae
1714 1563 1930 1633 pietatis

174 1652 198 1689 2
233 1656 297 1688 ex
336 1637 511 1689 medio
551 1637 863 1706 parentibus
902 1638 1147 1690 incendio
1187 1637 1394 1707 raptis?
1444 1637 1600 1691 Nihil
1631 1638 1789 1691 debet
1822 1636 1930 1691 Sci·
1956 1667 1997 1698 20

232 1711 383 1780 pioni
415 1711 603 1779 Roma,
643 1711 688 1764 si
721 1711 985 1764 Punicum
1019 1711 1236 1780 bellum,
1275 1716 1337 1765 ut
1366 1712 1564 1781 finiret,
1595 1713 1751 1783 aluit,
1790 1712 1930 1766 nihil

233 1785 428 1856 Deciis,
467 1787 611 1855 quod
644 1790 814 1840 morte
846 1787 1077 1856 patriam
1122 1790 1482 1855 servaverunt,
1522 1788 1568 1839 si
1601 1787 1748 1856 prius
1783 1787 1930 1856 opta—

233 1864 435 1925 verant,
468 1865 529 1914 ut
553 1861 828 1914 devotioni
859 1861 1189 1915 fortissimae
1220 1862 1398 1916 locum
1427 1861 1617 1915 ultima
1641 1881 1818 1914 rerum
1843 1880 1931 1914 ne·

233 1935 452 1988 cessitas
500 1936 713 1989 faceret.
780 1935 1108 1990 Gravissima
1157 1936 1380 1989 infamia
1429 1940 1511 1990 est
1556 1937 1750 1991 medici
1797 1955 1931 2006 opus

308 2151 330 2184 5
363 2141 558 2186 solueris
590 2142 652 2185 Ν]
767 2152 790 2185 6
822 2142 996 2186 uideris
1030 2148 1064 2185 G
1176 2142 1365 2199 iniquus
1399 2149 1433 2185 G
1549 2153 1567 2185 7
1601 2144 1720 2187 illud
1754 2149 1784 2187 Ο
1817 2159 1928 2189 corr.

235 2218 268 2245 ω
391 2202 482 2245 tibi
513 2216 597 2247 om.
630 2206 670 2244 N
790 2210 814 2246 8
853 2202 1190 2258 imprecatione
1222 2207 1259 2246 V
1300 2203 1426 2260 depr.
1460 2204 1651 2249 Skutsch
1779 2203 1871 2247 def.
1895 2208 1932 2246 V

233 2260 383 2304 dificis
426 2266 512 2304 NB
560 2261 729 2305 difficis
763 2266 798 2304 G
837 2262 1021 2306 dissicis
1053 2261 1156 2305 PV²
1289 2271 1313 2305 9
1353 2262 1499 2306 animi
1541 2264 1608 2308 bis
1650 2278 1734 2308 scr.
1766 2263 1829 2306 N¹

233 2329 280 2363 10
310 2322 509 2364 mortem
541 2322 671 2365 Piuc.
712 2320 859 2365 letum
896 2321 1028 2366 Grut.
1062 2321 1274 2365 morbum
1307 2323 1548 2367 Klamme‘r
1668 2326 1718 2366 at
1750 2323 1864 2379 quid
1897 2340 1931 2365 ω

234 2379 415 2436 aliquid
447 2380 561 2436 quid
591 2385 631 2423 N
669 2380 850 2437 aliquid
881 2380 985 2424 1³²0
1026 2381 1159 2437 atqui
1190 2380 1306 2437 quid
1342 2383 1475 2427 Gertz
1594 2391 1638 2425 11
1669 2382 1740 2427 tui
1773 2382 1931 2426 sanius

231 2442 303 2497 (ex
332 2440 428 2484 tuis
463 2441 596 2483 anuis
629 2442 685 2497 N)
726 2441 906 2496 aliquid
949 2441 1073 2485 enim
1114 2441 1257 2497 (enim
1290 2441 1348 2485 al.
1383 2445 1475 2497 GP)
1507 2442 1552 2487 h,
1586 2444 1713 2499 opta,
1754 2442 1840 2485 sim
1874 2441 1932 2498 (si

232 2500 282 2543 in
306 2504 360 2556 N)
385 2514 509 2543 nunc
535 2504 565 2543 0
590 2514 702 2544 corr.
724 2501 964 2545 Rubenius
994 2501 1079 2556 tui,
1112 2501 1151 2544 si
1186 2501 1369 2544 animus
1402 2501 1445 2545 ei
1477 2501 1536 2546 al.
1568 2501 1614 2546 h.
1648 2503 1784 2558 optat
1799 2503 1929 2546 Piuc.

306 2567 352 2602 12
385 2561 569 2617 gratum
602 2564 677 2602 GP
827 2569 873 2602 14
912 2560 1295 2604 infinitiationem
1325 2561 1387 2603 Νι
1536 2569 1582 2604 15
1621 2561 1751 2618 piam
1781 2566 1819 2604 N
1829 2562 1843 2586 ¹

232 2627 279 2661 16
305 2619 524 2675 captitati
547 2619 609 2661 Nl
641 2618 921 2675 captiuitate
947 2622 1100 2677 (super
1125 2633 1149 2663 e
1173 2623 1284 2677 ras.)
1308 2635 1353 2677 p.
1380 2620 1582 2676 eriperet
1607 2626 1633 2664 S
1730 2629 1775 2663 17
1801 2635 1929 2664 mon-

234 2679 405 2722 strauit
436 2683 521 2721 NB.
563 2681 876 2723 monstrarent
908 2684 983 2722 GP
1026 2694 1139 2724 corr.
1177 2680 1310 2725 Grut.
1445 2682 1729 2737 optauerant
1760 2685 1835 2723 GP

309 2738 514 2794 (a)ethna
545 2738 738 2781 N²RGP
888 2747 935 2781 18
966 2738 1178 2783 inmensa
1210 2739 1239 2783 i.
1273 2739 1465 2797 insuper
1496 2740 1564 2796 (ui
1595 2753 1734 2796 super
1764 2742 1813 2796 P)
1848 2739 1930 2784 sol.

236 2801 310 2839 GP
440 2797 607 2841 ardens
640 2798 830 2841 daretur
860 2798 975 2854 ipsis
1008 2798 1190 2842 occasio
1224 2799 1410 2856 ex(h)ib.
1445 2804 1521 2842 GP
1554 2799 1651 2843 ard.
1685 2801 1733 2842 et
1761 2799 1790 2844 i.
1825 2813 1930 2856 pre-

234 2857 360 2913 cepit
391 2857 439 2900 et
470 2857 626 2901 daturi
658 2857 749 2914 ipsi
782 2858 1071 2902 occasionem
1104 2873 1142 2903 e.
1167 2863 1252 2901 NR
1282 2873 1395 2903 corr.
1418 2859 1601 2904 Gronov
1733 2868 1779 2902 21
1813 2859 1932 2902 aluit

238 2916 421 2960 Gronov
454 2916 583 2960 aliud
616 2921 700 2959 NR
732 2917 1063 2972 perseuerauit.
1111 2917 1255 2960 Aliud
1288 2922 1363 2961 GP
1497 2927 1546 2961 22
1577 2920 1864 2974 optauerunt
1897 2923 1932 2962 G
