2020 3132
241 104 346 156 164
599 117 606 123 ·
777 103 823 147 L.
857 101 1092 146 ANNAEI
1125 101 1398 145 SENECAE

176 255 201 292 2
235 244 346 311 tur,
386 243 625 293 coactam
657 239 942 308 adplicant.
997 237 1448 292 Adulescentibus
1483 257 1694 308 quoque
1734 257 1794 291 ac
1826 240 1933 291 iam

234 314 549 385 potentibus
582 314 689 383 sui,
733 314 778 367 si
810 313 1045 367 remedia
1083 315 1230 366 metu
1270 316 1363 366 aut
1402 314 1816 382 intemperantia
1855 332 1933 366 re-

234 390 432 459 iciunt,
470 389 550 442 vis
583 388 867 441 adhibetur
898 406 960 442 ac
999 388 1266 440 severitas
1322 386 1512 458 Itaque
1552 387 1932 442 beneficiorum

235 465 469 517 maxima
508 466 654 528 sunt,
701 481 836 532 quae
876 482 907 515 a
945 463 1256 533 parentibus
1302 463 1602 532 accepimus
1612 505 1626 532 ,
1671 462 1795 514 dum
1841 467 1932 514 aut

235 539 502 592 nescimus
534 542 628 591 aut
658 538 926 592 nolumus,
1956 563 1976 594 ε,

57 619 221 664 XXV1
310 613 411 667 His
444 612 672 685 ingratis
706 616 760 665 et
790 611 1197 682 repudiantibus
1232 611 1501 679 beneficia,
1539 630 1649 664 non
1682 612 1808 681 quia
1840 630 1932 665 no-

232 689 367 758 lunt,
401 688 492 742 sed
522 691 590 741 ne
615 687 856 757 debeant,
890 687 1091 739 similes
1117 689 1243 738 sunt
1267 705 1332 739 ex
1357 685 1566 739 diverso
1592 687 1751 738 nimis
1777 687 1932 757 grati,

234 764 326 833 qui
366 763 571 832 aliquid
610 762 935 815 incommodi
974 761 1182 831 precari
1223 762 1396 814 solent
1429 761 1517 829 iis,
1566 761 1760 830 quibus
1801 761 1933 814 obli-

231 839 346 910 gati
388 842 534 907 sunt,
579 836 782 906 aliquid
822 836 1053 905 adversi,
1097 836 1154 889 in
1186 854 1291 905 quo
1332 835 1600 888 adfectum
1643 854 1931 888 memorem

173 929 198 966 2
232 912 436 983 accepti
469 911 714 966 beneficii
746 911 1057 981 adprobent.
1106 909 1195 963 An
1218 910 1320 963 hoc
1351 914 1493 963 recte
1524 911 1724 963 faciant
1756 914 1811 963 et
1842 911 1931 980 pia
1958 936 1998 967 10

233 988 524 1056 voluntate,
542 986 840 1058 quaeritur3
863 1004 1092 1055 quorum
1111 986 1252 1038 anim
1260 1004 1322 1038 us
1342 985 1648 1038 simillimus
1667 988 1749 1038 est
1764 1004 1930 1054 pravo

231 1081 411 1115 amore
442 1061 815 1134 flagrantibuS,
856 1062 949 1130 qui
981 1061 1181 1113 amicae
1213 1079 1340 1114 suae
1374 1063 1563 1129 optant
1595 1059 1830 1130 exilium,
1871 1064 1931 1112 ut

232 1138 494 1191 desertam
527 1137 933 1207 fugientemque
966 1136 1306 1203 comitentur,
1347 1137 1538 1204 optant
1568 1135 1829 1204 inopiam,
1871 1138 1931 1186 ut

231 1213 402 1283 magis
429 1211 756 1264 desideranti
781 1210 995 1280 donent,
1030 1213 1218 1279 optant
1249 1209 1514 1280 morbum,
1546 1212 1608 1262 ut
1638 1209 1930 1279 adsideant,

231 1291 307 1357 et,
351 1286 615 1357 quidquid
657 1285 908 1338 inimicus
953 1287 1186 1354 optaret,
1236 1286 1476 1338 amantes
1523 1287 1734 1338 vovent.
1797 1283 1929 1337 Fere
1958 1309 1995 1341 15

172 1377 196 1415 3
232 1363 370 1415 idem
402 1361 585 1430 itaque
618 1362 792 1414 exitus
826 1363 908 1414 est
940 1359 1049 1413 odii
1082 1363 1135 1412 et
1166 1359 1364 1412 amoris
1396 1359 1586 1412 insani.
1626 1358 1753 1411 Tale
1779 1359 1927 1428 quid-

232 1437 351 1490 dam
386 1439 440 1489 et
470 1436 555 1490 his
590 1435 798 1504 accidit,
832 1435 925 1504 qui
958 1434 1144 1487 amicis
1178 1433 1519 1488 incommoda
1551 1437 1757 1503 optant,
1793 1451 1928 1502 quae

231 1511 527 1580 detrahant,
566 1514 619 1563 et
651 1510 716 1563 ad
750 1509 1067 1563 beneficium
1100 1510 1298 1562 iniuria
1327 1508 1565 1577 veniunt,
1605 1525 1727 1561 cum
1759 1507 1928 1560 satius

231 1587 300 1640 sit
329 1585 416 1639 vel
447 1603 667 1654 cessare,
708 1603 869 1654 quam
901 1603 997 1654 per
1028 1584 1200 1638 scelus
1234 1584 1413 1637 officio
1444 1583 1626 1636 locum
1660 1602 1927 1652 quaerere.

169 1676 196 1713 4
230 1660 390 1729 Quid,
431 1662 477 1714 si
511 1661 840 1732 gubernator
871 1679 902 1711 a
943 1659 1024 1712 dis
1066 1661 1412 1728 tempestates
1457 1658 1833 1711 infestissimas
1874 1660 1925 1710 et
1954 1682 1994 1714 ρο

229 1738 490 1805 procellas
530 1738 704 1806 petat,
743 1738 804 1787 ut
837 1735 1041 1804 gratior
1080 1752 1164 1787 ars
1205 1752 1301 1786 sua
1332 1732 1569 1802 periculo
1610 1733 1742 1785 fiat‘?
1782 1732 1926 1803 quid,

231 1812 274 1863 si
315 1811 589 1881 inperator
634 1810 761 1863 deos
802 1812 939 1877 oret,
978 1812 1039 1861 ut
1079 1827 1274 1879 magna
1308 1809 1386 1861 vis
1426 1807 1662 1861 hostium
1705 1807 1926 1860 circum—

230 1887 349 1939 fusa
382 1886 570 1939 castris
602 1885 776 1938 fossas
809 1883 988 1938 subito
1014 1883 1202 1952 inpetu
1234 1883 1482 1952 conpleat
1515 1885 1568 1935 et
1599 1884 1802 1936 vallum
1826 1885 1927 1934 tre—

230 1961 448 2030 pidante
488 1959 723 2012 exercitu
762 1961 927 2012 vellat
966 1962 1020 2011 et
1059 1958 1112 2010 in
1154 1958 1285 2027 ipsis
1326 1958 1499 2026 portis
1539 1957 1734 2009 infesta
1773 1957 1926 2026 signa

230 2035 537 2103 constituat,
571 2053 676 2104 quo
708 2034 909 2086 maiore
942 2051 1060 2086 cum
1095 2033 1268 2103 gloria
1298 2033 1457 2085 rebus
1487 2032 1645 2084 lassis
1677 2031 1927 2102 profliga-
1953 2055 1993 2088 ‘25

171 2124 196 2162 5
230 2110 407 2180 tisque
448 2109 758 2164 succurrat?
815 2107 1012 2162 Omnes
1054 2108 1144 2161 isti
1168 2107 1443 2161 ¹beneficia
1483 2125 1578 2160 sua
1618 2105 1925 2159 detestabili

230 2187 316 2239 via
349 2185 566 2253 ducunt,
607 2185 699 2253 qui
732 2183 858 2236 deos
892 2186 1077 2236 contra
1110 2201 1232 2236 eum
1264 2182 1543 2251 advocant,
1586 2181 1670 2234 cui
1703 2181 1808 2250 ipsi
1840 2181 1926 2233 ad-

229 2260 399 2313 futuri
432 2262 578 2329 sunt,
619 2262 672 2311 et
712 2262 834 2311 ante
868 2258 990 2311 illos
1031 2258 1197 2311 sterni
1229 2275 1387 2326 quam
1429 2257 1563 2326 erigi
1595 2257 1806 2326 volunt3
1849 2257 1926 2308 in-

227 2335 464 2387 humana
495 2335 598 2387 ista
629 2352 875 2403 perverse
907 2332 1050 2404 grati
1075 2332 1241 2385 animi
1266 2334 1458 2384 natura
1483 2334 1562 2384 est
1585 2333 1772 2384 contra
1803 2347 1923 2382 eum

230 2413 431 2478 optare,
464 2409 549 2462 cui
581 2409 807 2462 honeste
839 2408 1022 2461 deesse
1052 2425 1164 2460 non
1194 2407 1383 2476 possis.
1947 2428 1988 2458 ao

303 2537 322 2569 1
358 2526 505 2570 aciem
537 2529 632 2583 pot.
660 2527 721 2568 1⁴1¹
827 2535 850 2568 3
882 2525 955 2568 ius
989 2526 1095 2569 adh.
1121 2530 1154 2567 P
1259 2523 1479 2568 severitas
1506 2525 1635 2568 Koch
1667 2522 1867 2567 seruitus
1894 2527 1924 2565 0

302 2596 324 2629 4
359 2586 616 2642 accipimus
650 2591 684 2629 G
805 2594 828 2629 8
859 2585 933 2629 his
967 2590 1078 2628 GPS
1200 2594 1223 2627 9
1256 2584 1446 2628 adfectu
1478 2582 1573 2639 (aff.
1606 2585 1655 2638 1²)
1687 2582 1836 2624 N²RP

228 2655 274 2689 10
306 2646 487 2690 faciunt
519 2651 545 2689 S
677 2654 720 2688 11
753 2645 920 2689 animis
951 2644 1012 2687 ΕΙ
1142 2653 1188 2687 12
1222 2643 1303 2699 qui
1336 2642 1551 2686 amicicie
1584 2647 1610 2685 S
1742 2649 1787 2684 13
1820 2656 1925 2685 con-

227 2705 583 2762 fugientemque
615 2711 641 2748 S
769 2706 824 2749 ut
854 2720 938 2751 om.
970 2704 1032 2746 1³¹
1153 2712 1199 2747 14
1232 2702 1530 2746 desiderandi
1560 2701 1623 2744 Νι
1749 2710 1794 2743 15
1826 2715 1923 2744 mo-

228 2768 341 2809 uent
366 2771 400 2808 G
520 2774 567 2808 16
591 2764 704 2808 Tale
736 2765 849 2820 quid
875 2770 901 2808 s
1015 2773 1058 2806 17
1086 2766 1133 2808 et
1157 2762 1261 2806 G²v
1294 2776 1350 2807 ex
1375 2766 1405 2805 0
1528 2775 1583 2805 ex
1614 2761 1680 2804 eis
1710 2760 1783 2804 his
1817 2766 1842 2802 S

229 2826 309 2880 qui
335 2825 378 2869 d.
403 2825 462 2867 3²
575 2833 622 2868 18
647 2824 726 2883 ad]
753 2838 781 2868 a
803 2824 865 2867 11¹
979 2833 1024 2866 19
1049 2822 1191 2867 officii
1217 2828 1243 2865 S
1348 2822 1450 2866 loco
1476 2835 1582 2864 cum
1604 2819 1667 2863 Νι
1770 2829 1815 2862 21
1841 2835 1925 2863 sua

227 2890 264 2927 V
298 2899 380 2928 suo
414 2889 445 2927 0
469 2885 622 2940 possis
654 2898 834 2928 summo
971 2892 1019 2926 22
1050 2882 1321 2926 honestium—
1345 2886 1383 2924 R
1518 2888 1566 2923 28
1599 2879 1766 2938 subitti
1797 2884 1834 2921 B

228 2953 274 2987 24
293 2943 441 2987 bellat
458 2949 496 2986 N
521 2943 756 2987 conuellat
770 2943 873 2986 ΝΞΟ
947 2951 995 2986 25
1011 2942 1158 2999 lapsis
1175 2947 1207 2984 P
1280 2950 1328 2984 26
1346 2940 1617 2984 succurrant
1632 2938 1694 2981 Νι
1766 2948 1814 2982 29
1830 2939 1923 2982 ista
