2020 3132
442 80 523 125 DE
554 77 892 125 BENEFICIIS
923 78 1033 123 ΗΒ.
1066 77 1131 122 IV
1162 77 1290 123 CAP.
1323 81 1500 121 22-24
1716 76 1816 130 101

124 218 347 274 tristitia
375 219 680 289 frangatur,
710 216 930 270 alterius
962 218 1145 286 tepore
1176 214 1384 268 efficaci
1415 217 1470 268 et
1500 213 1822 285 penetrabili

124 297 343 366 regatur
373 292 657 345 maturitas
681 291 939 363 frugum?
970 291 1101 360 quin
1126 289 1193 342 ad
1215 288 1377 342 huius
1402 307 1618 343 cursum
1641 289 1822 342 fecun-

125 369 264 422 ditas
287 367 523 421 humana
543 365 898 436 respondeat?
932 365 1065 435 quin
1087 364 1180 418 ille
1204 382 1405 417 annum
1430 362 1822 417 observabilem

123 443 309 497 fecerit
339 442 667 496 circumactu
698 459 812 509 suc,
842 440 976 494 haec
1005 458 1244 494 mensem
1275 437 1576 492 minoribus
1613 456 1669 492 se
1702 456 1822 508 spa-

81 541 101 572 5
124 518 215 571 tiis
248 517 502 571 flectens?
556 515 633 570 Ut
663 519 843 569 tamen
875 514 1123 568 detrahas
1156 515 1275 583 ista,
1304 532 1417 567 non
1448 516 1564 567 erat
1594 513 1709 583 ipse
1740 511 1824 566 sol
1857 527 1882 566 2

123 593 374 646 idoneum
408 591 579 644 oculis
610 589 973 660 spectaculum
1005 589 1309 660 dignusque
1349 588 1583 657 adorari,
1622 588 1668 642 si
1709 590 1824 640 tan-

123 672 236 721 tum
270 667 620 736 praeteriret?
651 684 761 718 non
791 668 906 718 erat
936 664 1098 736 digna
1129 667 1381 734 suspectu
1409 663 1554 732 luna,
1584 662 1746 716 etiam
1779 663 1824 715 si

123 742 356 795 otiosum
389 741 538 794 sidus
562 740 987 794 transcurreret?
1030 738 1150 808 Ipse
1174 739 1423 807 munduS,
1455 737 1704 807 quotiens
1728 756 1824 806 per

124 821 335 869 noctem
368 815 520 887 ignes
553 833 679 868 suos
709 813 852 867 fudit
882 817 937 867 et
963 818 1179 867 tantum
1211 812 1490 866 stellarum
1522 812 1825 866 innumera-

57 914 100 946 ιο
125 890 314 944 bilium
353 890 588 959 refulsit,
634 907 792 958 quem
833 907 941 942 non
980 889 1247 954 intentum
1287 888 1345 941 in
1384 906 1439 941 se
1470 888 1655 940 tenet‘?
1702 887 1823 956 quis

122 964 225 1019 sibi
256 964 352 1018 illa
380 969 526 1034 tunc,
560 982 681 1018 cum
715 963 963 1032 miratur,
999 963 1253 1033 prodesse
1284 962 1525 1033 cogitat?
1586 960 1822 1032 Adspice
1856 975 1882 1014 3

124 1041 229 1094 ista
258 1042 410 1093 tanto
443 1057 672 1110 superne
704 1042 857 1094 coetu
890 1038 1148 1108 labentia,
1189 1037 1641 1107 quemadmodum
1681 1036 1826 1089 velo-

122 1115 338 1169 citatem
370 1133 519 1168 suam
553 1114 654 1167 sub
686 1114 861 1183 specie
885 1113 1079 1167 stantis
1103 1116 1265 1183 atque
1289 1111 1482 1166 inmoti
1507 1111 1682 1182 operis
1707 1111 1825 1164 abs-

123 1189 369 1243 condant.
428 1188 700 1251 Quantum
733 1189 838 1242 ista
869 1192 1042 1258 nocte,
1075 1207 1233 1258 quam
1269 1190 1330 1240 tu
1362 1187 1419 1240 in
1448 1204 1731 1239 numerum
1763 1204 1825 1239 ac

58 1289 98 1321 ιε
125 1263 411 1318 discrimen
443 1264 647 1317 dierum
681 1262 950 1332 observaS,
980 1263 1182 1334 agitur!
1221 1264 1424 1332 quanta
1454 1281 1632 1315 rerum
1665 1260 1826 1314 turba

124 1339 223 1392 sub
254 1339 362 1392 hoc
391 1338 607 1393 silentio
632 1338 920 1392 evolvitur!
953 1342 1208 1408 quantam
1240 1339 1474 1391 fatorum
1502 1337 1692 1391 seriem
1717 1353 1824 1389 cer-

123 1418 212 1466 tus
241 1414 398 1468 limes
430 1413 629 1467 educit!
682 1411 816 1477 Ista,
857 1431 993 1483 quae
1024 1416 1085 1466 tu
1116 1431 1227 1466 non
1257 1411 1415 1465 aliter
1446 1430 1606 1481 quam
1647 1411 1705 1464 in
1738 1410 1825 1464 de-
1856 1424 1884 1464 4

122 1506 301 1542 eorem
351 1507 537 1558 sparsa
576 1486 904 1557 consideras,
950 1487 1165 1558 singula
1202 1488 1259 1541 in
1298 1505 1459 1557 opere
1506 1489 1645 1540 sunt.
1707 1485 1825 1539 Nec

122 1563 265 1617 enim
297 1566 394 1632 est,
425 1562 569 1633 quod
601 1563 873 1617 existimes
905 1566 1110 1633 septem
1143 1564 1260 1616 sola
1291 1562 1602 1630 discurrere,
1646 1563 1822 1615 cetera

55 1659 100 1694 ιο
122 1636 362 1708 haerere3
407 1656 701 1707 paucorum
748 1642 928 1691 motus
969 1637 1479 1707 conprehendimUS,
1525 1636 1826 1689 innumera-

123 1712 259 1766 biles
290 1730 416 1766 vero
455 1712 780 1783 longiusque
819 1731 850 1765 a
888 1716 1178 1782 conspectu
1218 1712 1424 1765 seducti
1464 1710 1517 1763 di
1550 1713 1679 1764 eunt
1710 1710 1826 1764 red-

122 1791 370 1857 euntque,
402 1790 456 1840 et
494 1806 561 1840 ex
598 1787 700 1857 his,
739 1786 833 1857 qui
871 1789 1057 1841 oculos
1089 1790 1303 1841 nostros
1342 1785 1637 1856 patiuntur,
1668 1785 1826 1856 pleri-

123 1879 228 1931 que
259 1862 490 1915 obscuro
521 1861 690 1933 gradu
721 1866 955 1934 pergunt
986 1866 1040 1915 et
1071 1881 1168 1932 per
1199 1861 1470 1915 occultum
1503 1863 1751 1932 aguntur.

196 1936 337 2000 Quid
360 1938 526 2007 ergo?
558 1955 666 1990 non
690 1937 894 2006 caperis
918 1940 1099 1991 tantae
1123 1936 1283 1990 molis
1309 1937 1582 2006 adspectu,
1606 1935 1767 1989 etiam
1796 1949 1818 1988 1
1854 1938 2001 1983 XXIV

56 2032 99 2065 ιο
124 2010 168 2064 si
208 2015 262 2064 te
300 2029 407 2064 non
452 2014 623 2081 tegat,
660 2030 771 2065 non
811 2012 1102 2083 custodiat,
1141 2030 1251 2066 non
1292 2011 1472 2065 foveat
1502 2014 1826 2082 generetque

123 2102 187 2139 ac
218 2084 413 2155 spiritu
446 2103 542 2139 suo
575 2086 752 2157 riget?
798 2086 1259 2150 Quemadmodum
1283 2086 1416 2140 haec
1443 2103 1564 2139 cum
1589 2085 1824 2156 primum

124 2178 279 2213 usum
327 2158 561 2214 habeant
605 2164 659 2214 et
703 2161 1003 2215 necessaria
1048 2161 1341 2231 vitaliaque
1388 2160 1519 2224 sint,
1574 2160 1824 2214 maiestas

124 2239 301 2287 tamen
332 2251 516 2288 eorum
549 2238 720 2290 totam
752 2240 985 2290 mentem
1018 2239 1259 2306 occupat,
1292 2236 1368 2289 ita
1393 2234 1569 2289 omnis
1601 2234 1696 2288 ina
1718 2235 1823 2288 vir-

124 2313 212 2363 tus
243 2313 298 2362 et
336 2309 392 2363 in
432 2309 623 2380 primis
662 2310 805 2381 grati
844 2310 1011 2364 animi
1050 2311 1282 2364 multum
1316 2310 1534 2380 quidem
1573 2312 1824 2380 praestat,

201 2449 219 2484 ι
253 2442 346 2510 top.
379 2444 533 2499 (super
563 2454 589 2486 e
620 2444 731 2498 ras.)
763 2446 802 2485 Π
834 2444 1044 2501 tempore
1076 2447 1108 2488 0
1223 2444 1271 2487 et
1301 2446 1340 2486 Π
1363 2457 1448 2488 om.
1476 2446 1507 2485 0
1629 2449 1653 2485 5
1684 2439 1824 2486 istam

125 2514 217 2545 non
250 2501 340 2545 ent
371 2505 406 2544 G
506 2509 531 2544 ο
561 2500 757 2546 idoneus
787 2502 851 2545 11²
940 2503 1124 2548 tantum
1157 2506 1221 2559 (m
1253 2503 1305 2547 in
1335 2503 1446 2558 ras.)
1478 2505 1517 2545 N
1617 2509 1642 2545 8
1673 2503 1824 2546 trans-

125 2562 281 2605 curret
311 2564 346 2603 G
449 2569 489 2604 ιι
524 2560 827 2606 commitatur
856 2566 891 2606 1·
992 2570 1037 2606 ιι
1068 2562 1181 2622 ista]
1212 2561 1239 2606 t
1269 2563 1398 2607 astra
1428 2576 1485 2607 ss.
1517 2561 1580 2604 11⁸
1678 2560 1824 2606 tacito

125 2634 159 2664 ι.
192 2618 323 2664 coelo
341 2621 472 2666 Pinc.
592 2629 635 2664 14
669 2622 897 2677 quantum
922 2626 959 2666 V
992 2623 1196 2678 quantus
1220 2626 1251 2666 0
1283 2622 1429 2678 possis
1452 2636 1496 2679 q.
1522 2618 1824 2681 (tumultus)

199 2692 342 2736 quam
384 2682 436 2724 tu
467 2696 503 2724 ω
546 2685 777 2737 quantum
810 2685 842 2725 0
992 2689 1039 2725 1⁸
1081 2681 1230 2740 igitur
1261 2686 1296 2726 G
1451 2682 1648 2725 uantum
1679 2681 1735 2724 1³¹

130 2746 172 2783 ιτ
205 2738 373 2785 educet
395 2742 427 2783 0
459 2753 572 2785 corr.
598 2739 661 2783 1¹
751 2739 970 2787 indecore
1003 2744 1034 2785 0
1067 2754 1181 2788 corr.
1215 2759 1250 2786 ω
1342 2750 1389 2785 19
1454 2740 1656 2785 iscutere
1687 2740 1749 2784 1¹¹

125 2806 176 2842 a·
204 2797 378 2844 habere
408 2799 468 2842 12¹
573 2807 621 2844 ιι
653 2798 835 2845 seducit
863 2801 925 2844 11¹
1030 2809 1079 2845 2¹
1112 2803 1160 2846 et
1190 2814 1272 2847 om.
1308 2805 1344 2845 G
1449 2809 1498 2844 20
1530 2807 1618 2859 spu
1647 2799 1750 2845 uori
1786 2799 1826 2844 it

125 2857 187 2901 1¹
216 2863 269 2904 ut
298 2858 389 2904 vid.
511 2866 562 2902 28
593 2872 751 2904 eorum
783 2860 881 2905 siut
910 2861 1061 2906 totam
1093 2861 1156 2904 11¹
1262 2873 1422 2906 omnes
1452 2860 1516 2905 1¹¹
1623 2858 1709 2905 illa
1792 2860 1822 2906 l.

130 2917 288 2973 Gne„
315 2922 418 2976 post
448 2917 595 2963 virtu·
626 2924 799 2978 tramp.
829 2921 957 2966 Pinc.
