<?xml version="1.0" encoding="UTF-8"?>
<!DOCTYPE html PUBLIC "-//W3C//DTD XHTML 1.0 Transitional//EN"
    "http://www.w3.org/TR/xhtml1/DTD/xhtml1-transitional.dtd">
<html xmlns="http://www.w3.org/1999/xhtml" xml:lang="en" lang="en">
 <head>
  <title>
</title>
<meta http-equiv="Content-Type" content="text/html;charset=utf-8" />
  <meta name='ocr-system' content='tesseract 3.04.00' />
  <meta name='ocr-capabilities' content='ocr_page ocr_carea ocr_par ocr_line ocrx_word'/>
</head>
<body>
  <div class='ocr_page' id='page_1' title='image "./f2operaquaesuper01seneuoft_0010.png"; bbox 0 0 2020 3132; ppageno 0'>
   <div class='ocr_carea' id='block_1_1' title="bbox 183 92 1199 139">
    <p class='ocr_par' dir='ltr' id='par_1_1' title="bbox 183 92 1199 139">
     <span class='ocr_line' id='line_1_1' title="bbox 183 92 1199 139; baseline -0.003 0"><span class='ocrx_word' id='word_1_1' title='bbox 183 94 246 139; x_wconf 90' lang='lat' dir='ltr'>VI</span> <span class='ocrx_word' id='word_1_2' title='bbox 858 92 1199 138; x_wconf 85' lang='lat' dir='ltr'><strong>PRAEFATIO</strong></span> 
     </span>
    </p>
   </div>
   <div class='ocr_carea' id='block_1_2' title="bbox 111 228 1926 2759">
    <p class='ocr_par' dir='ltr' id='par_1_2' title="bbox 111 228 1926 2759">
     <span class='ocr_line' id='line_1_2' title="bbox 185 228 1926 292; baseline -0.001 -7"><span class='ocrx_word' id='word_1_3' title='bbox 185 238 426 285; x_wconf 88' lang='lat' dir='ltr'>centiores</span> <span class='ocrx_word' id='word_1_4' title='bbox 443 239 559 284; x_wconf 90' lang='lat' dir='ltr'>sunt</span> <span class='ocrx_word' id='word_1_5' title='bbox 576 237 907 285; x_wconf 88' lang='lat' dir='ltr'>correctorum</span> <span class='ocrx_word' id='word_1_6' title='bbox 924 235 1134 283; x_wconf 90' lang='lat' dir='ltr'>duorum</span> <span class='ocrx_word' id='word_1_7' title='bbox 1143 228 1179 292; x_wconf 85' lang='lat'>¹&gt;</span> <span class='ocrx_word' id='word_1_8' title='bbox 1197 250 1371 283; x_wconf 88' lang='lat' dir='ltr'>manus</span> <span class='ocrx_word' id='word_1_9' title='bbox 1390 235 1742 283; x_wconf 88' lang='lat' dir='ltr'>emendatrices</span> <span class='ocrx_word' id='word_1_10' title='bbox 1768 251 1872 283; x_wconf 90' lang='lat' dir='ltr'>sae-</span> <span class='ocrx_word' id='word_1_11' title='bbox 1922 286 1926 287; x_wconf 16' lang='lat'><em>⁷</em></span> 
     </span>
     <span class='ocr_line' id='line_1_3' title="bbox 185 308 1876 373; baseline -0.002 -13"><span class='ocrx_word' id='word_1_12' title='bbox 185 311 284 360; x_wconf 86' lang='lat' dir='ltr'>culi</span> <span class='ocrx_word' id='word_1_13' title='bbox 315 311 437 358; x_wconf 93' lang='lat' dir='ltr'>XIII</span> <span class='ocrx_word' id='word_1_14' title='bbox 470 313 560 358; x_wconf 89' lang='lat' dir='ltr'>aut</span> <span class='ocrx_word' id='word_1_15' title='bbox 583 311 716 372; x_wconf 89' lang='lat' dir='ltr'>XIV,</span> <span class='ocrx_word' id='word_1_16' title='bbox 748 326 875 373; x_wconf 89' lang='lat' dir='ltr'>quae</span> <span class='ocrx_word' id='word_1_17' title='bbox 908 326 1018 358; x_wconf 91' lang='lat' dir='ltr'>cum</span> <span class='ocrx_word' id='word_1_18' title='bbox 1042 309 1293 357; x_wconf 89' lang='lat' dir='ltr'>interdum</span> <span class='ocrx_word' id='word_1_19' title='bbox 1317 308 1400 357; x_wconf 85' lang='lat' dir='ltr'>vix</span> <span class='ocrx_word' id='word_1_20' title='bbox 1426 309 1646 373; x_wconf 83' lang='lat' dir='ltr'>dignosci</span> <span class='ocrx_word' id='word_1_21' title='bbox 1669 309 1876 372; x_wconf 87' lang='lat' dir='ltr'>possint,</span> 
     </span>
     <span class='ocr_line' id='line_1_4' title="bbox 186 376 1874 447; baseline -0.002 -13"><span class='ocrx_word' id='word_1_22' title='bbox 186 386 314 434; x_wconf 90' lang='lat' dir='ltr'>sicut</span> <span class='ocrx_word' id='word_1_23' title='bbox 338 387 388 432; x_wconf 93' lang='lat' dir='ltr'>et</span> <span class='ocrx_word' id='word_1_24' title='bbox 411 401 558 447; x_wconf 84' lang='lat' dir='ltr'>saepe</span> <span class='ocrx_word' id='word_1_25' title='bbox 584 385 801 433; x_wconf 85' lang='lat' dir='ltr'>difficilis</span> <span class='ocrx_word' id='word_1_26' title='bbox 827 387 902 433; x_wconf 92' lang='lat' dir='ltr'>est</span> <span class='ocrx_word' id='word_1_27' title='bbox 920 401 1089 432; x_wconf 90' lang='lat' dir='ltr'>earum</span> <span class='ocrx_word' id='word_1_28' title='bbox 1115 399 1144 431; x_wconf 90' lang='lat' dir='ltr'>a</span> <span class='ocrx_word' id='word_1_29' title='bbox 1159 387 1212 432; x_wconf 84' lang='lat' dir='ltr'>N</span> <span class='ocrx_word' id='word_1_30' title='bbox 1216 376 1235 407; x_wconf 74' lang='lat'>2</span> <span class='ocrx_word' id='word_1_31' title='bbox 1259 383 1529 444; x_wconf 89' lang='lat' dir='ltr'>distinctio,</span> <span class='ocrx_word' id='word_1_32' title='bbox 1552 383 1722 432; x_wconf 89' lang='lat' dir='ltr'>littera</span> <span class='ocrx_word' id='word_1_33' title='bbox 1748 399 1874 432; x_wconf 89' lang='lat' dir='ltr'>com-</span> 
     </span>
     <span class='ocr_line' id='line_1_5' title="bbox 111 453 1876 520; baseline -0.002 -12"><span class='ocrx_word' id='word_1_34' title='bbox 111 453 172 496; x_wconf 71' lang='lat' dir='ltr'>N⁸</span> <span class='ocrx_word' id='word_1_35' title='bbox 188 461 327 508; x_wconf 90' lang='lat' dir='ltr'>muni</span> <span class='ocrx_word' id='word_1_36' title='bbox 350 464 398 507; x_wconf 87' lang='lat' dir='ltr'>N</span> <span class='ocrx_word' id='word_1_37' title='bbox 405 453 426 484; x_wconf 76' lang='lat'>³</span> <span class='ocrx_word' id='word_1_38' title='bbox 449 476 478 507; x_wconf 91' lang='lat' dir='ltr'>a</span> <span class='ocrx_word' id='word_1_39' title='bbox 502 475 579 507; x_wconf 88' lang='lat' dir='ltr'>me</span> <span class='ocrx_word' id='word_1_40' title='bbox 603 462 805 508; x_wconf 88' lang='lat' dir='ltr'>notatae</span> <span class='ocrx_word' id='word_1_41' title='bbox 830 460 957 507; x_wconf 89' lang='lat' dir='ltr'>sunt.</span> <span class='ocrx_word' id='word_1_42' title='bbox 998 458 1222 520; x_wconf 87' lang='lat' dir='ltr'>Utraque</span> <span class='ocrx_word' id='word_1_43' title='bbox 1247 473 1406 520; x_wconf 90' lang='lat' dir='ltr'>pauca</span> <span class='ocrx_word' id='word_1_44' title='bbox 1428 459 1574 520; x_wconf 86' lang='lat' dir='ltr'>recte,</span> <span class='ocrx_word' id='word_1_45' title='bbox 1599 459 1744 520; x_wconf 89' lang='lat' dir='ltr'>plura</span> <span class='ocrx_word' id='word_1_46' title='bbox 1768 474 1876 520; x_wconf 89' lang='lat' dir='ltr'>per-</span> 
     </span>
     <span class='ocr_line' id='line_1_6' title="bbox 186 532 1875 597; baseline -0.002 -15"><span class='ocrx_word' id='word_1_47' title='bbox 186 551 357 597; x_wconf 88' lang='lat' dir='ltr'>peram</span> <span class='ocrx_word' id='word_1_48' title='bbox 382 535 612 595; x_wconf 88' lang='lat' dir='ltr'>mutavit,</span> <span class='ocrx_word' id='word_1_49' title='bbox 630 534 788 582; x_wconf 88' lang='lat' dir='ltr'>altera</span> <span class='ocrx_word' id='word_1_50' title='bbox 811 535 1070 596; x_wconf 88' lang='lat' dir='ltr'>praeterea</span> <span class='ocrx_word' id='word_1_51' title='bbox 1093 533 1282 596; x_wconf 81' lang='lat' dir='ltr'>glossas</span> <span class='ocrx_word' id='word_1_52' title='bbox 1301 532 1754 594; x_wconf 88' lang='lat' dir='ltr'>explicationesque</span> <span class='ocrx_word' id='word_1_53' title='bbox 1771 549 1875 582; x_wconf 90' lang='lat' dir='ltr'>ver-</span> 
     </span>
     <span class='ocr_line' id='line_1_7' title="bbox 185 606 1879 671; baseline -0.002 -14"><span class='ocrx_word' id='word_1_54' title='bbox 185 609 261 657; x_wconf 86' lang='lat' dir='ltr'>bis</span> <span class='ocrx_word' id='word_1_55' title='bbox 295 608 657 671; x_wconf 86' lang='lat' dir='ltr'>suprascribere</span> <span class='ocrx_word' id='word_1_56' title='bbox 691 608 902 667; x_wconf 83' lang='lat' dir='ltr'>amavit3</span> <span class='ocrx_word' id='word_1_57' title='bbox 942 609 1012 655; x_wconf 91' lang='lat' dir='ltr'>sic</span> <span class='ocrx_word' id='word_1_58' title='bbox 1044 606 1105 654; x_wconf 91' lang='lat' dir='ltr'>ab</span> <span class='ocrx_word' id='word_1_59' title='bbox 1138 607 1231 655; x_wconf 87' lang='lat' dir='ltr'>hac</span> <span class='ocrx_word' id='word_1_60' title='bbox 1263 607 1435 654; x_wconf 90' lang='lat' dir='ltr'>addita</span> <span class='ocrx_word' id='word_1_61' title='bbox 1467 607 1701 670; x_wconf 89' lang='lat' dir='ltr'>leguntur</span> <span class='ocrx_word' id='word_1_62' title='bbox 1732 622 1879 669; x_wconf 83' lang='lat' dir='ltr'>super</span> 
     </span>
     <span class='ocr_line' id='line_1_8' title="bbox 185 682 1879 746; baseline -0.002 -15"><span class='ocrx_word' id='word_1_63' title='bbox 185 701 233 746; x_wconf 92' lang='lat' dir='ltr'>p.</span> <span class='ocrx_word' id='word_1_64' title='bbox 262 685 309 744; x_wconf 89' lang='lat'>7,</span> <span class='ocrx_word' id='word_1_65' title='bbox 337 686 365 731; x_wconf 88' lang='lat'><strong>7</strong></span> <span class='ocrx_word' id='word_1_66' title='bbox 391 684 501 730; x_wconf 74' lang='lat' dir='ltr'>uni:</span> <span class='ocrx_word' id='word_1_67' title='bbox 532 696 706 730; x_wconf 73' lang='lat' dir='ltr'>nomen</span> <span class='ocrx_word' id='word_1_68' title='bbox 733 684 817 743; x_wconf 83' lang='lat'>25,</span> <span class='ocrx_word' id='word_1_69' title='bbox 845 683 911 730; x_wconf 91' lang='grc'>25</span> <span class='ocrx_word' id='word_1_70' title='bbox 947 696 1066 730; x_wconf 76' lang='lat' dir='ltr'>esse:</span> <span class='ocrx_word' id='word_1_71' title='bbox 1100 682 1340 730; x_wconf 81' lang='lat' dir='ltr'>comedere</span> <span class='ocrx_word' id='word_1_72' title='bbox 1365 684 1450 738; x_wconf 84' lang='lat'>27,</span> <span class='ocrx_word' id='word_1_73' title='bbox 1479 684 1543 729; x_wconf 82' lang='lat'>21</span> <span class='ocrx_word' id='word_1_74' title='bbox 1579 683 1634 729; x_wconf 77' lang='lat' dir='ltr'>in</span> <span class='ocrx_word' id='word_1_75' title='bbox 1658 685 1787 729; x_wconf 82' lang='lat' dir='ltr'>aeta:</span> <span class='ocrx_word' id='word_1_76' title='bbox 1826 683 1879 728; x_wconf 75' lang='lat' dir='ltr'>in</span> 
     </span>
     <span class='ocr_line' id='line_1_9' title="bbox 176 756 1880 819; baseline -0.002 -13"><span class='ocrx_word' id='word_1_77' title='bbox 176 758 431 819; x_wconf 73' lang='lat' dir='ltr'>publicum</span> <span class='ocrx_word' id='word_1_78' title='bbox 451 758 536 818; x_wconf 88' lang='lat'>31,</span> <span class='ocrx_word' id='word_1_79' title='bbox 556 759 584 805; x_wconf 90' lang='grc'><strong>6</strong></span> <span class='ocrx_word' id='word_1_80' title='bbox 605 758 861 818; x_wconf 74' lang='lat' dir='ltr'>dispicere:</span> <span class='ocrx_word' id='word_1_81' title='bbox 885 759 917 805; x_wconf 89' lang='lat' dir='ltr'>i.</span> <span class='ocrx_word' id='word_1_82' title='bbox 936 758 1204 805; x_wconf 80' lang='lat' dir='ltr'>discernere</span> <span class='ocrx_word' id='word_1_83' title='bbox 1219 757 1304 812; x_wconf 89' lang='lat'>31,</span> <span class='ocrx_word' id='word_1_84' title='bbox 1327 758 1392 805; x_wconf 91' lang='grc'>10</span> <span class='ocrx_word' id='word_1_85' title='bbox 1417 756 1675 817; x_wconf 73' lang='lat' dir='ltr'>friyidam:</span> <span class='ocrx_word' id='word_1_86' title='bbox 1701 771 1880 816; x_wconf 78' lang='lat' dir='ltr'>aquam</span> 
     </span>
     <span class='ocr_line' id='line_1_10' title="bbox 189 831 1878 892; baseline -0.001 -12"><span class='ocrx_word' id='word_1_87' title='bbox 189 833 273 892; x_wconf 89' lang='lat'>35,</span> <span class='ocrx_word' id='word_1_88' title='bbox 302 833 367 880; x_wconf 89' lang='lat'>13</span> <span class='ocrx_word' id='word_1_89' title='bbox 393 832 495 879; x_wconf 81' lang='lat' dir='ltr'>ille:</span> <span class='ocrx_word' id='word_1_90' title='bbox 528 846 565 880; x_wconf 83' lang='lat' dir='ltr'>s.</span> <span class='ocrx_word' id='word_1_91' title='bbox 592 835 660 879; x_wconf 78' lang='lat' dir='ltr'>est</span> <span class='ocrx_word' id='word_1_92' title='bbox 691 832 776 892; x_wconf 84' lang='lat'>37,</span> <span class='ocrx_word' id='word_1_93' title='bbox 806 833 871 879; x_wconf 87' lang='grc'>14</span> <span class='ocrx_word' id='word_1_94' title='bbox 904 831 1191 879; x_wconf 73' lang='lat' dir='ltr'>seruatoris:</span> <span class='ocrx_word' id='word_1_95' title='bbox 1231 834 1286 878; x_wconf 77' lang='lat' dir='ltr'>ut</span> <span class='ocrx_word' id='word_1_96' title='bbox 1315 831 1443 879; x_wconf 83' lang='lat' dir='ltr'>obsis</span> <span class='ocrx_word' id='word_1_97' title='bbox 1478 831 1561 892; x_wconf 85' lang='lat'>62,</span> <span class='ocrx_word' id='word_1_98' title='bbox 1588 832 1618 878; x_wconf 88' lang='lat'><strong>3</strong></span> <span class='ocrx_word' id='word_1_99' title='bbox 1651 831 1779 878; x_wconf 77' lang='lat' dir='ltr'>ulla:</span> <span class='ocrx_word' id='word_1_100' title='bbox 1810 833 1878 891; x_wconf 79' lang='lat' dir='ltr'>fe-</span> 
     </span>
     <span class='ocr_line' id='line_1_11' title="bbox 185 905 1882 967; baseline -0.001 -13"><span class='ocrx_word' id='word_1_101' title='bbox 185 908 322 954; x_wconf 75' lang='lat' dir='ltr'>mina</span> <span class='ocrx_word' id='word_1_102' title='bbox 358 909 441 967; x_wconf 86' lang='lat'>76,</span> <span class='ocrx_word' id='word_1_103' title='bbox 469 909 495 953; x_wconf 85' lang='lat'>1</span> <span class='ocrx_word' id='word_1_104' title='bbox 533 906 770 966; x_wconf 73' lang='lat' dir='ltr'><em>adoptivi:</em></span> <span class='ocrx_word' id='word_1_105' title='bbox 810 921 848 954; x_wconf 81' lang='lat' dir='ltr'>s.</span> <span class='ocrx_word' id='word_1_106' title='bbox 878 906 990 954; x_wconf 78' lang='lat' dir='ltr'>iulii</span> <span class='ocrx_word' id='word_1_107' title='bbox 1021 907 1201 954; x_wconf 82' lang='lat' dir='ltr'>cesaris</span> <span class='ocrx_word' id='word_1_108' title='bbox 1235 906 1319 966; x_wconf 87' lang='lat'>85,</span> <span class='ocrx_word' id='word_1_109' title='bbox 1354 907 1432 965; x_wconf 71' lang='lat' dir='ltr'>2Q,</span> <span class='ocrx_word' id='word_1_110' title='bbox 1454 906 1690 953; x_wconf 74' lang='lat' dir='ltr'>interdiuz</span> <span class='ocrx_word' id='word_1_111' title='bbox 1720 907 1774 952; x_wconf 70' lang='lat' dir='ltr'>iii</span> <span class='ocrx_word' id='word_1_112' title='bbox 1805 905 1882 952; x_wconf 85' lang='lat' dir='ltr'>dic</span> 
     </span>
     <span class='ocr_line' id='line_1_12' title="bbox 190 980 1883 1044; baseline -0.001 -15"><span class='ocrx_word' id='word_1_113' title='bbox 190 983 274 1044; x_wconf 88' lang='grc'>96,</span> <span class='ocrx_word' id='word_1_114' title='bbox 296 983 361 1029; x_wconf 89' lang='grc'>17</span> <span class='ocrx_word' id='word_1_115' title='bbox 387 995 648 1041; x_wconf 67' lang='lat' dir='ltr'>seyreqem:</span> <span class='ocrx_word' id='word_1_116' title='bbox 671 982 704 1029; x_wconf 91' lang='lat' dir='ltr'>i.</span> <span class='ocrx_word' id='word_1_117' title='bbox 720 981 1022 1042; x_wconf 63' lang='lat' dir='ltr'>simularem</span> <span class='ocrx_word' id='word_1_118' title='bbox 1042 981 1162 1042; x_wconf 87' lang='grc'>107,</span> <span class='ocrx_word' id='word_1_119' title='bbox 1182 982 1211 1028; x_wconf 91' lang='grc'>2</span> <span class='ocrx_word' id='word_1_120' title='bbox 1240 981 1454 1028; x_wconf 74' lang='lat' dir='ltr'>trecenti:</span> <span class='ocrx_word' id='word_1_121' title='bbox 1479 981 1618 1040; x_wconf 77' lang='lat' dir='ltr'>fabii,</span> <span class='ocrx_word' id='word_1_122' title='bbox 1645 980 1730 1028; x_wconf 88' lang='lat' dir='ltr'>cfr.</span> <span class='ocrx_word' id='word_1_123' title='bbox 1755 995 1883 1041; x_wconf 89' lang='lat' dir='ltr'>quae</span> 
     </span>
     <span class='ocr_line' id='line_1_13' title="bbox 188 1055 1883 1117; baseline -0.001 -14"><span class='ocrx_word' id='word_1_124' title='bbox 188 1055 335 1104; x_wconf 87' lang='lat' dir='ltr'>Gertz</span> <span class='ocrx_word' id='word_1_125' title='bbox 377 1055 639 1103; x_wconf 73' lang='lat' dir='ltr'>annotavit</span> <span class='ocrx_word' id='word_1_126' title='bbox 679 1055 742 1103; x_wconf 89' lang='lat' dir='ltr'>ad</span> <span class='ocrx_word' id='word_1_127' title='bbox 782 1055 1013 1103; x_wconf 74' lang='lat' dir='ltr'>editionis</span> <span class='ocrx_word' id='word_1_128' title='bbox 1054 1070 1171 1102; x_wconf 88' lang='lat' dir='ltr'>suae</span> <span class='ocrx_word' id='word_1_129' title='bbox 1209 1071 1257 1116; x_wconf 89' lang='lat' dir='ltr'>p.</span> <span class='ocrx_word' id='word_1_130' title='bbox 1285 1055 1370 1115; x_wconf 88' lang='grc'>41,</span> <span class='ocrx_word' id='word_1_131' title='bbox 1412 1056 1504 1117; x_wconf 88' lang='grc'>22,</span> <span class='ocrx_word' id='word_1_132' title='bbox 1546 1055 1638 1115; x_wconf 87' lang='grc'>30,</span> <span class='ocrx_word' id='word_1_133' title='bbox 1678 1057 1764 1115; x_wconf 88' lang='grc'>47,</span> <span class='ocrx_word' id='word_1_134' title='bbox 1791 1057 1883 1115; x_wconf 87' lang='grc'>21,</span> 
     </span>
     <span class='ocr_line' id='line_1_14' title="bbox 191 1128 1882 1192; baseline -0.001 -14"><span class='ocrx_word' id='word_1_135' title='bbox 191 1131 275 1192; x_wconf 86' lang='grc'>52,</span> <span class='ocrx_word' id='word_1_136' title='bbox 302 1131 356 1191; x_wconf 85' lang='grc'>5,</span> <span class='ocrx_word' id='word_1_137' title='bbox 391 1131 476 1190; x_wconf 88' lang='grc'>66,</span> <span class='ocrx_word' id='word_1_138' title='bbox 502 1131 594 1190; x_wconf 93' lang='grc'>26,</span> <span class='ocrx_word' id='word_1_139' title='bbox 629 1131 714 1191; x_wconf 90' lang='grc'>81,</span> <span class='ocrx_word' id='word_1_140' title='bbox 741 1129 795 1189; x_wconf 89' lang='grc'>8,</span> <span class='ocrx_word' id='word_1_141' title='bbox 832 1131 923 1191; x_wconf 91' lang='grc'>11,</span> <span class='ocrx_word' id='word_1_142' title='bbox 956 1130 1039 1191; x_wconf 89' lang='grc'>86,</span> <span class='ocrx_word' id='word_1_143' title='bbox 1075 1131 1145 1177; x_wconf 86' lang='grc'>20</span> <span class='ocrx_word' id='word_1_144' title='bbox 1185 1132 1235 1176; x_wconf 89' lang='lat' dir='ltr'>et</span> <span class='ocrx_word' id='word_1_145' title='bbox 1267 1128 1407 1176; x_wconf 87' lang='lat' dir='ltr'>Buck</span> <span class='ocrx_word' id='word_1_146' title='bbox 1436 1145 1484 1190; x_wconf 90' lang='lat' dir='ltr'>p.</span> <span class='ocrx_word' id='word_1_147' title='bbox 1512 1129 1567 1192; x_wconf 88' lang='grc'>8,</span> <span class='ocrx_word' id='word_1_148' title='bbox 1608 1129 1779 1176; x_wconf 87' lang='lat' dir='ltr'>eadem</span> <span class='ocrx_word' id='word_1_149' title='bbox 1820 1129 1882 1176; x_wconf 88' lang='lat' dir='ltr'>ad</span> 
     </span>
     <span class='ocr_line' id='line_1_15' title="bbox 188 1202 1884 1268; baseline -0.001 -17"><span class='ocrx_word' id='word_1_150' title='bbox 188 1204 240 1252; x_wconf 92' lang='lat' dir='ltr'>II</span> <span class='ocrx_word' id='word_1_151' title='bbox 266 1205 315 1265; x_wconf 88' lang='grc'>5,</span> <span class='ocrx_word' id='word_1_152' title='bbox 342 1207 370 1252; x_wconf 92' lang='grc'>2</span> <span class='ocrx_word' id='word_1_153' title='bbox 414 1204 467 1251; x_wconf 93' lang='lat' dir='ltr'>in</span> <span class='ocrx_word' id='word_1_154' title='bbox 505 1205 729 1268; x_wconf 82' lang='lat' dir='ltr'>margine</span> <span class='ocrx_word' id='word_1_155' title='bbox 769 1203 1034 1266; x_wconf 71' lang='lat' dir='ltr'>adscripsit</span> <span class='ocrx_word' id='word_1_156' title='bbox 1067 1204 1274 1260; x_wconf 74' lang='lat' dir='ltr'>Terenti,</span> <span class='ocrx_word' id='word_1_157' title='bbox 1314 1204 1500 1266; x_wconf 85' lang='lat' dir='ltr'>quippe</span> <span class='ocrx_word' id='word_1_158' title='bbox 1540 1203 1678 1251; x_wconf 88' lang='lat' dir='ltr'>cuius</span> <span class='ocrx_word' id='word_1_159' title='bbox 1711 1202 1884 1251; x_wconf 88' lang='lat' dir='ltr'>comici</span> 
     </span>
     <span class='ocr_line' id='line_1_16' title="bbox 189 1276 1887 1341; baseline -0.001 -15"><span class='ocrx_word' id='word_1_160' title='bbox 189 1281 367 1341; x_wconf 90' lang='lat' dir='ltr'>poetae</span> <span class='ocrx_word' id='word_1_161' title='bbox 408 1294 586 1327; x_wconf 90' lang='lat' dir='ltr'>nomen</span> <span class='ocrx_word' id='word_1_162' title='bbox 626 1281 872 1340; x_wconf 87' lang='lat' dir='ltr'>interpres</span> <span class='ocrx_word' id='word_1_163' title='bbox 911 1278 997 1326; x_wconf 88' lang='lat' dir='ltr'>ille</span> <span class='ocrx_word' id='word_1_164' title='bbox 1036 1278 1244 1326; x_wconf 88' lang='lat' dir='ltr'>noverit.</span> <span class='ocrx_word' id='word_1_165' title='bbox 1308 1277 1416 1325; x_wconf 89' lang='lat' dir='ltr'>Hae</span> <span class='ocrx_word' id='word_1_166' title='bbox 1457 1277 1579 1339; x_wconf 90' lang='lat' dir='ltr'>quid</span> <span class='ocrx_word' id='word_1_167' title='bbox 1616 1277 1734 1326; x_wconf 92' lang='lat' dir='ltr'>boni</span> <span class='ocrx_word' id='word_1_168' title='bbox 1767 1276 1887 1339; x_wconf 90' lang='lat' dir='ltr'>quid</span> 
     </span>
     <span class='ocr_line' id='line_1_17' title="bbox 187 1351 1883 1416; baseline -0.001 -15"><span class='ocrx_word' id='word_1_169' title='bbox 187 1354 310 1401; x_wconf 90' lang='lat' dir='ltr'>mali</span> <span class='ocrx_word' id='word_1_170' title='bbox 343 1353 623 1413; x_wconf 78' lang='lat' dir='ltr'>attulerint,</span> <span class='ocrx_word' id='word_1_171' title='bbox 656 1353 795 1400; x_wconf 91' lang='lat' dir='ltr'>nullo</span> <span class='ocrx_word' id='word_1_172' title='bbox 821 1352 1022 1416; x_wconf 85' lang='lat' dir='ltr'>negotio</span> <span class='ocrx_word' id='word_1_173' title='bbox 1049 1369 1106 1400; x_wconf 85' lang='lat' dir='ltr'>ex</span> <span class='ocrx_word' id='word_1_174' title='bbox 1131 1354 1379 1414; x_wconf 88' lang='lat' dir='ltr'>apparatu</span> <span class='ocrx_word' id='word_1_175' title='bbox 1404 1352 1576 1400; x_wconf 89' lang='lat' dir='ltr'>critico</span> <span class='ocrx_word' id='word_1_176' title='bbox 1608 1351 1883 1416; x_wconf 77' lang='lat' dir='ltr'>intellegas.</span> 
     </span>
     <span class='ocr_line' id='line_1_18' title="bbox 188 1425 1884 1490; baseline 0 -15"><span class='ocrx_word' id='word_1_177' title='bbox 188 1428 246 1475; x_wconf 89' lang='lat' dir='ltr'>In</span> <span class='ocrx_word' id='word_1_178' title='bbox 285 1427 533 1490; x_wconf 89' lang='lat' dir='ltr'>prioribus</span> <span class='ocrx_word' id='word_1_179' title='bbox 573 1443 690 1476; x_wconf 87' lang='lat' dir='ltr'>vero</span> <span class='ocrx_word' id='word_1_180' title='bbox 730 1427 958 1476; x_wconf 90' lang='lat' dir='ltr'>manibus</span> <span class='ocrx_word' id='word_1_181' title='bbox 997 1427 1148 1489; x_wconf 88' lang='lat' dir='ltr'>paulo</span> <span class='ocrx_word' id='word_1_182' title='bbox 1181 1427 1370 1474; x_wconf 90' lang='lat' dir='ltr'>diutius</span> <span class='ocrx_word' id='word_1_183' title='bbox 1401 1425 1764 1476; x_wconf 89' lang='lat' dir='ltr'>subsistendum</span> <span class='ocrx_word' id='word_1_184' title='bbox 1799 1428 1884 1475; x_wconf 91' lang='lat' dir='ltr'>est.</span> 
     </span>
     <span class='ocr_line' id='line_1_19' title="bbox 188 1501 1884 1565; baseline 0 -15"><span class='ocrx_word' id='word_1_185' title='bbox 188 1502 262 1550; x_wconf 92' lang='lat' dir='ltr'>De</span> <span class='ocrx_word' id='word_1_186' title='bbox 295 1502 477 1565; x_wconf 85' lang='lat' dir='ltr'>quibus</span> <span class='ocrx_word' id='word_1_187' title='bbox 510 1502 642 1564; x_wconf 89' lang='lat' dir='ltr'>quod</span> <span class='ocrx_word' id='word_1_188' title='bbox 674 1501 870 1550; x_wconf 83' lang='lat' dir='ltr'>Gertzio</span> <span class='ocrx_word' id='word_1_189' title='bbox 903 1503 1055 1564; x_wconf 90' lang='lat' dir='ltr'>paulo</span> <span class='ocrx_word' id='word_1_190' title='bbox 1080 1501 1259 1550; x_wconf 89' lang='lat' dir='ltr'>melius</span> <span class='ocrx_word' id='word_1_191' title='bbox 1282 1501 1504 1549; x_wconf 87' lang='lat' dir='ltr'>iudicare</span> <span class='ocrx_word' id='word_1_192' title='bbox 1529 1516 1739 1563; x_wconf 89' lang='lat' dir='ltr'>possem,</span> <span class='ocrx_word' id='word_1_193' title='bbox 1764 1501 1884 1550; x_wconf 90' lang='lat' dir='ltr'>duo-</span> 
     </span>
     <span class='ocr_line' id='line_1_20' title="bbox 186 1575 1884 1638; baseline -0.001 -13"><span class='ocrx_word' id='word_1_194' title='bbox 186 1594 300 1625; x_wconf 89' lang='lat' dir='ltr'>rum</span> <span class='ocrx_word' id='word_1_195' title='bbox 343 1577 564 1626; x_wconf 89' lang='lat' dir='ltr'>virorum</span> <span class='ocrx_word' id='word_1_196' title='bbox 607 1576 756 1625; x_wconf 91' lang='lat' dir='ltr'>debui</span> <span class='ocrx_word' id='word_1_197' title='bbox 799 1576 1110 1637; x_wconf 75' lang='lat' dir='ltr'>liberalitati,</span> <span class='ocrx_word' id='word_1_198' title='bbox 1156 1575 1241 1638; x_wconf 93' lang='lat' dir='ltr'>qui</span> <span class='ocrx_word' id='word_1_199' title='bbox 1279 1575 1554 1623; x_wconf 89' lang='lat' dir='ltr'>Nazariani</span> <span class='ocrx_word' id='word_1_200' title='bbox 1596 1576 1884 1624; x_wconf 82' lang='lat' dir='ltr'>collationes</span> 
     </span>
     <span class='ocr_line' id='line_1_21' title="bbox 187 1650 1882 1713; baseline -0.001 -14"><span class='ocrx_word' id='word_1_201' title='bbox 187 1667 341 1701; x_wconf 86' lang='lat' dir='ltr'>novas</span> <span class='ocrx_word' id='word_1_202' title='bbox 372 1651 497 1699; x_wconf 92' lang='lat' dir='ltr'>mihi</span> <span class='ocrx_word' id='word_1_203' title='bbox 531 1650 701 1699; x_wconf 82' lang='lat' dir='ltr'>adesse</span> <span class='ocrx_word' id='word_1_204' title='bbox 734 1652 1012 1712; x_wconf 88' lang='lat' dir='ltr'>voluerant,</span> <span class='ocrx_word' id='word_1_205' title='bbox 1044 1651 1306 1699; x_wconf 81' lang='lat' dir='ltr'>Francisco</span> <span class='ocrx_word' id='word_1_206' title='bbox 1332 1650 1617 1712; x_wconf 88' lang='lat' dir='ltr'>Buecheler,</span> <span class='ocrx_word' id='word_1_207' title='bbox 1650 1651 1739 1713; x_wconf 90' lang='lat' dir='ltr'>qui</span> <span class='ocrx_word' id='word_1_208' title='bbox 1771 1665 1882 1698; x_wconf 90' lang='lat' dir='ltr'>cum</span> 
     </span>
     <span class='ocr_line' id='line_1_22' title="bbox 187 1725 1883 1788; baseline -0.001 -15"><span class='ocrx_word' id='word_1_209' title='bbox 187 1742 461 1788; x_wconf 88' lang='lat' dir='ltr'>numquam</span> <span class='ocrx_word' id='word_1_210' title='bbox 486 1727 845 1788; x_wconf 88' lang='lat' dir='ltr'>discipulorum</span> <span class='ocrx_word' id='word_1_211' title='bbox 868 1725 1124 1774; x_wconf 88' lang='lat' dir='ltr'>laboribus</span> <span class='ocrx_word' id='word_1_212' title='bbox 1150 1725 1356 1785; x_wconf 88' lang='lat' dir='ltr'>deesset,</span> <span class='ocrx_word' id='word_1_213' title='bbox 1380 1725 1503 1773; x_wconf 93' lang='lat' dir='ltr'>mihi</span> <span class='ocrx_word' id='word_1_214' title='bbox 1522 1741 1717 1787; x_wconf 89' lang='lat' dir='ltr'>quoque</span> <span class='ocrx_word' id='word_1_215' title='bbox 1735 1725 1883 1774; x_wconf 91' lang='lat' dir='ltr'>colla-</span> 
     </span>
     <span class='ocr_line' id='line_1_23' title="bbox 188 1799 1884 1863; baseline -0.001 -15"><span class='ocrx_word' id='word_1_216' title='bbox 188 1802 377 1849; x_wconf 89' lang='lat' dir='ltr'>tionem</span> <span class='ocrx_word' id='word_1_217' title='bbox 407 1800 543 1848; x_wconf 89' lang='lat' dir='ltr'>illius</span> <span class='ocrx_word' id='word_1_218' title='bbox 567 1800 685 1848; x_wconf 88' lang='lat' dir='ltr'>libri</span> <span class='ocrx_word' id='word_1_219' title='bbox 710 1816 739 1847; x_wconf 92' lang='lat' dir='ltr'>a</span> <span class='ocrx_word' id='word_1_220' title='bbox 764 1800 1013 1848; x_wconf 88' lang='lat' dir='ltr'>Friderico</span> <span class='ocrx_word' id='word_1_221' title='bbox 1040 1799 1100 1848; x_wconf 91' lang='lat' dir='ltr'>de</span> <span class='ocrx_word' id='word_1_222' title='bbox 1124 1800 1273 1847; x_wconf 89' lang='lat' dir='ltr'>Duhn</span> <span class='ocrx_word' id='word_1_223' title='bbox 1297 1800 1569 1861; x_wconf 87' lang='lat' dir='ltr'>perfectam</span> <span class='ocrx_word' id='word_1_224' title='bbox 1591 1799 1884 1863; x_wconf 89' lang='lat' dir='ltr'>benignissi-</span> 
     </span>
     <span class='ocr_line' id='line_1_24' title="bbox 188 1873 1884 1936; baseline -0.002 -12"><span class='ocrx_word' id='word_1_225' title='bbox 188 1891 266 1924; x_wconf 89' lang='lat' dir='ltr'>me</span> <span class='ocrx_word' id='word_1_226' title='bbox 297 1875 658 1936; x_wconf 86' lang='lat' dir='ltr'>transmiserat,</span> <span class='ocrx_word' id='word_1_227' title='bbox 692 1877 741 1922; x_wconf 90' lang='lat' dir='ltr'>et</span> <span class='ocrx_word' id='word_1_228' title='bbox 774 1873 951 1923; x_wconf 89' lang='lat' dir='ltr'>Ottoni</span> <span class='ocrx_word' id='word_1_229' title='bbox 981 1874 1247 1934; x_wconf 87' lang='lat' dir='ltr'>Rossbach,</span> <span class='ocrx_word' id='word_1_230' title='bbox 1281 1873 1366 1936; x_wconf 86' lang='lat' dir='ltr'>qui</span> <span class='ocrx_word' id='word_1_231' title='bbox 1398 1890 1512 1922; x_wconf 92' lang='lat' dir='ltr'>cum</span> <span class='ocrx_word' id='word_1_232' title='bbox 1542 1875 1644 1922; x_wconf 90' lang='lat' dir='ltr'>iam</span> <span class='ocrx_word' id='word_1_233' title='bbox 1675 1875 1727 1921; x_wconf 94' lang='lat' dir='ltr'>in</span> <span class='ocrx_word' id='word_1_234' title='bbox 1758 1874 1884 1922; x_wconf 88' lang='lat' dir='ltr'>libro</span> 
     </span>
     <span class='ocr_line' id='line_1_25' title="bbox 190 1948 1883 2012; baseline -0.002 -13"><span class='ocrx_word' id='word_1_235' title='bbox 190 1966 343 2012; x_wconf 91' lang='lat' dir='ltr'>supra</span> <span class='ocrx_word' id='word_1_236' title='bbox 366 1950 570 1998; x_wconf 91' lang='lat' dir='ltr'>laudato</span> <span class='ocrx_word' id='word_1_237' title='bbox 598 1950 660 1997; x_wconf 90' lang='lat' dir='ltr'>ad</span> <span class='ocrx_word' id='word_1_238' title='bbox 685 1951 841 1997; x_wconf 90' lang='lat' dir='ltr'>artem</span> <span class='ocrx_word' id='word_1_239' title='bbox 869 1949 1092 1997; x_wconf 87' lang='lat' dir='ltr'>criticam</span> <span class='ocrx_word' id='word_1_240' title='bbox 1123 1949 1175 1996; x_wconf 93' lang='lat' dir='ltr'>in</span> <span class='ocrx_word' id='word_1_241' title='bbox 1203 1949 1414 1997; x_wconf 85' lang='lat' dir='ltr'>Senecae</span> <span class='ocrx_word' id='word_1_242' title='bbox 1439 1950 1626 2012; x_wconf 84' lang='lat' dir='ltr'>scripta</span> <span class='ocrx_word' id='word_1_243' title='bbox 1648 1948 1883 1996; x_wconf 84' lang='lat' dir='ltr'>factitan-</span> 
     </span>
     <span class='ocr_line' id='line_1_26' title="bbox 190 2023 1885 2087; baseline -0.001 -14"><span class='ocrx_word' id='word_1_244' title='bbox 190 2025 305 2073; x_wconf 91' lang='lat' dir='ltr'>dam</span> <span class='ocrx_word' id='word_1_245' title='bbox 344 2024 817 2087; x_wconf 88' lang='lat' dir='ltr'>praecellentissimo</span> <span class='ocrx_word' id='word_1_246' title='bbox 848 2039 1006 2072; x_wconf 89' lang='lat' dir='ltr'>novae</span> <span class='ocrx_word' id='word_1_247' title='bbox 1039 2023 1321 2072; x_wconf 89' lang='lat' dir='ltr'>collationis</span> <span class='ocrx_word' id='word_1_248' title='bbox 1354 2023 1571 2072; x_wconf 88' lang='lat' dir='ltr'>fructum</span> <span class='ocrx_word' id='word_1_249' title='bbox 1601 2023 1885 2086; x_wconf 89' lang='lat' dir='ltr'>promulga-</span> 
     </span>
     <span class='ocr_line' id='line_1_27' title="bbox 189 2097 1885 2162; baseline -0.002 -14"><span class='ocrx_word' id='word_1_250' title='bbox 189 2100 358 2160; x_wconf 89' lang='lat' dir='ltr'>visset,</span> <span class='ocrx_word' id='word_1_251' title='bbox 382 2101 653 2162; x_wconf 89' lang='lat' dir='ltr'>postquam</span> <span class='ocrx_word' id='word_1_252' title='bbox 669 2115 848 2147; x_wconf 89' lang='lat' dir='ltr'>novam</span> <span class='ocrx_word' id='word_1_253' title='bbox 866 2098 1036 2161; x_wconf 89' lang='lat' dir='ltr'>parari</span> <span class='ocrx_word' id='word_1_254' title='bbox 1054 2097 1321 2146; x_wconf 87' lang='lat' dir='ltr'>editionem</span> <span class='ocrx_word' id='word_1_255' title='bbox 1337 2098 1476 2162; x_wconf 89' lang='lat' dir='ltr'>legit,</span> <span class='ocrx_word' id='word_1_256' title='bbox 1494 2098 1753 2147; x_wconf 88' lang='lat' dir='ltr'>thesauros</span> <span class='ocrx_word' id='word_1_257' title='bbox 1772 2113 1885 2146; x_wconf 87' lang='lat' dir='ltr'>suos</span> 
     </span>
     <span class='ocr_line' id='line_1_28' title="bbox 191 2172 1884 2237; baseline -0.001 -15"><span class='ocrx_word' id='word_1_258' title='bbox 191 2174 384 2237; x_wconf 90' lang='lat' dir='ltr'>amplos</span> <span class='ocrx_word' id='word_1_259' title='bbox 414 2173 771 2222; x_wconf 89' lang='lat' dir='ltr'>humanissime</span> <span class='ocrx_word' id='word_1_260' title='bbox 804 2173 926 2220; x_wconf 89' lang='lat' dir='ltr'>mihi</span> <span class='ocrx_word' id='word_1_261' title='bbox 957 2173 1090 2222; x_wconf 89' lang='lat' dir='ltr'>ultro</span> <span class='ocrx_word' id='word_1_262' title='bbox 1126 2172 1391 2221; x_wconf 87' lang='lat' dir='ltr'>obtulerat.</span> <span class='ocrx_word' id='word_1_263' title='bbox 1441 2172 1661 2229; x_wconf 86' lang='lat' dir='ltr'>Quorum</span> <span class='ocrx_word' id='word_1_264' title='bbox 1700 2187 1884 2235; x_wconf 87' lang='lat' dir='ltr'>paucos</span> 
     </span>
     <span class='ocr_line' id='line_1_29' title="bbox 191 2247 1885 2311; baseline -0.002 -14"><span class='ocrx_word' id='word_1_265' title='bbox 191 2264 379 2297; x_wconf 87' lang='lat' dir='ltr'>errores</span> <span class='ocrx_word' id='word_1_266' title='bbox 413 2250 626 2298; x_wconf 86' lang='lat' dir='ltr'>correxit</span> <span class='ocrx_word' id='word_1_267' title='bbox 649 2249 789 2296; x_wconf 87' lang='lat' dir='ltr'>Buck</span> <span class='ocrx_word' id='word_1_268' title='bbox 811 2249 844 2296; x_wconf 92' lang='lat' dir='ltr'>l.</span> <span class='ocrx_word' id='word_1_269' title='bbox 867 2248 900 2295; x_wconf 94' lang='grc'>1.</span> <span class='ocrx_word' id='word_1_270' title='bbox 926 2264 984 2296; x_wconf 84' lang='lat' dir='ltr'>ex</span> <span class='ocrx_word' id='word_1_271' title='bbox 1007 2247 1309 2311; x_wconf 90' lang='lat' dir='ltr'>imaginibus</span> <span class='ocrx_word' id='word_1_272' title='bbox 1333 2247 1481 2295; x_wconf 88' lang='lat' dir='ltr'>huius</span> <span class='ocrx_word' id='word_1_273' title='bbox 1507 2247 1687 2296; x_wconf 87' lang='lat' dir='ltr'>codicis</span> <span class='ocrx_word' id='word_1_274' title='bbox 1711 2247 1885 2309; x_wconf 87' lang='lat' dir='ltr'>photo-</span> 
     </span>
     <span class='ocr_line' id='line_1_30' title="bbox 191 2321 1886 2388; baseline -0.002 -16"><span class='ocrx_word' id='word_1_275' title='bbox 191 2322 440 2388; x_wconf 88' lang='lat' dir='ltr'>graphicis</span> <span class='ocrx_word' id='word_1_276' title='bbox 480 2340 510 2372; x_wconf 84' lang='lat' dir='ltr'>a</span> <span class='ocrx_word' id='word_1_277' title='bbox 550 2321 932 2372; x_wconf 88' lang='lat' dir='ltr'>Gundermanno</span> <span class='ocrx_word' id='word_1_278' title='bbox 971 2321 1067 2371; x_wconf 90' lang='lat' dir='ltr'>sibi</span> <span class='ocrx_word' id='word_1_279' title='bbox 1107 2321 1371 2383; x_wconf 80' lang='lat' dir='ltr'>concessiS,</span> <span class='ocrx_word' id='word_1_280' title='bbox 1410 2337 1499 2370; x_wconf 88' lang='lat' dir='ltr'>nec</span> <span class='ocrx_word' id='word_1_281' title='bbox 1539 2321 1735 2370; x_wconf 89' lang='lat' dir='ltr'>easdem</span> <span class='ocrx_word' id='word_1_282' title='bbox 1775 2337 1886 2370; x_wconf 89' lang='lat' dir='ltr'>con-</span> 
     </span>
     <span class='ocr_line' id='line_1_31' title="bbox 191 2395 1886 2460; baseline -0.002 -14"><span class='ocrx_word' id='word_1_283' title='bbox 191 2397 417 2446; x_wconf 87' lang='lat' dir='ltr'>ferendas</span> <span class='ocrx_word' id='word_1_284' title='bbox 460 2399 511 2446; x_wconf 88' lang='lat' dir='ltr'>et</span> <span class='ocrx_word' id='word_1_285' title='bbox 540 2414 630 2460; x_wconf 87' lang='lat' dir='ltr'>per</span> <span class='ocrx_word' id='word_1_286' title='bbox 659 2398 773 2460; x_wconf 89' lang='lat' dir='ltr'>plus</span> <span class='ocrx_word' id='word_1_287' title='bbox 813 2399 1001 2459; x_wconf 90' lang='lat' dir='ltr'>septem</span> <span class='ocrx_word' id='word_1_288' title='bbox 1040 2412 1229 2445; x_wconf 88' lang='lat' dir='ltr'>menses</span> <span class='ocrx_word' id='word_1_289' title='bbox 1270 2396 1572 2445; x_wconf 89' lang='lat' dir='ltr'>adhibendas</span> <span class='ocrx_word' id='word_1_290' title='bbox 1610 2395 1759 2444; x_wconf 89' lang='lat' dir='ltr'>huius</span> <span class='ocrx_word' id='word_1_291' title='bbox 1789 2395 1886 2444; x_wconf 88' lang='lat' dir='ltr'>viri</span> 
     </span>
     <span class='ocr_line' id='line_1_32' title="bbox 192 2469 1884 2535; baseline -0.002 -14"><span class='ocrx_word' id='word_1_292' title='bbox 192 2472 465 2521; x_wconf 90' lang='lat' dir='ltr'>doctissimi</span> <span class='ocrx_word' id='word_1_293' title='bbox 496 2473 783 2520; x_wconf 88' lang='lat' dir='ltr'>humanitas</span> <span class='ocrx_word' id='word_1_294' title='bbox 806 2471 928 2519; x_wconf 92' lang='lat' dir='ltr'>mihi</span> <span class='ocrx_word' id='word_1_295' title='bbox 954 2471 1233 2535; x_wconf 85' lang='lat' dir='ltr'>denegavit.</span> <span class='ocrx_word' id='word_1_296' title='bbox 1278 2471 1482 2519; x_wconf 89' lang='lat' dir='ltr'>Talibus</span> <span class='ocrx_word' id='word_1_297' title='bbox 1507 2472 1664 2535; x_wconf 88' lang='lat' dir='ltr'>igitur</span> <span class='ocrx_word' id='word_1_298' title='bbox 1687 2469 1884 2518; x_wconf 84' lang='lat' dir='ltr'>auxiliis</span> 
     </span>
     <span class='ocr_line' id='line_1_33' title="bbox 192 2545 1884 2597; baseline -0.002 -1"><span class='ocrx_word' id='word_1_299' title='bbox 192 2546 352 2597; x_wconf 89' lang='lat' dir='ltr'>adiuti</span> <span class='ocrx_word' id='word_1_300' title='bbox 381 2547 523 2595; x_wconf 89' lang='lat' dir='ltr'>firmo</span> <span class='ocrx_word' id='word_1_301' title='bbox 555 2547 608 2594; x_wconf 93' lang='lat' dir='ltr'>in</span> <span class='ocrx_word' id='word_1_302' title='bbox 639 2546 966 2595; x_wconf 84' lang='lat' dir='ltr'>examinando</span> <span class='ocrx_word' id='word_1_303' title='bbox 990 2545 1271 2594; x_wconf 87' lang='lat' dir='ltr'>Nazariano</span> <span class='ocrx_word' id='word_1_304' title='bbox 1303 2546 1512 2594; x_wconf 88' lang='lat' dir='ltr'>nitimur</span> <span class='ocrx_word' id='word_1_305' title='bbox 1542 2545 1884 2593; x_wconf 90' lang='lat' dir='ltr'>fundamento.</span> 
     </span>
     <span class='ocr_line' id='line_1_34' title="bbox 267 2619 1883 2684; baseline -0.002 -14"><span class='ocrx_word' id='word_1_306' title='bbox 267 2621 520 2684; x_wconf 84' lang='lat' dir='ltr'>Scriptum</span> <span class='ocrx_word' id='word_1_307' title='bbox 553 2637 657 2670; x_wconf 89' lang='lat' dir='ltr'>esse</span> <span class='ocrx_word' id='word_1_308' title='bbox 689 2621 874 2669; x_wconf 89' lang='lat' dir='ltr'>librum</span> <span class='ocrx_word' id='word_1_309' title='bbox 904 2625 957 2669; x_wconf 78' lang='lat' dir='ltr'>N</span> <span class='ocrx_word' id='word_1_310' title='bbox 987 2637 1140 2669; x_wconf 89' lang='lat' dir='ltr'>manu</span> <span class='ocrx_word' id='word_1_311' title='bbox 1170 2619 1365 2668; x_wconf 90' lang='lat' dir='ltr'>librarii</span> <span class='ocrx_word' id='word_1_312' title='bbox 1395 2619 1612 2669; x_wconf 89' lang='lat' dir='ltr'>socordis</span> <span class='ocrx_word' id='word_1_313' title='bbox 1645 2621 1695 2667; x_wconf 91' lang='lat' dir='ltr'>et</span> <span class='ocrx_word' id='word_1_314' title='bbox 1726 2635 1883 2668; x_wconf 87' lang='lat' dir='ltr'>exem-</span> 
     </span>
     <span class='ocr_line' id='line_1_35' title="bbox 190 2694 1882 2759; baseline -0.002 -15"><span class='ocrx_word' id='word_1_315' title='bbox 190 2697 344 2759; x_wconf 87' lang='lat' dir='ltr'>plaris</span> <span class='ocrx_word' id='word_1_316' title='bbox 377 2696 509 2758; x_wconf 90' lang='lat' dir='ltr'>quod</span> <span class='ocrx_word' id='word_1_317' title='bbox 539 2697 880 2758; x_wconf 88' lang='lat' dir='ltr'>transscripsit</span> <span class='ocrx_word' id='word_1_318' title='bbox 902 2694 1054 2744; x_wconf 86' lang='lat' dir='ltr'>verba</span> <span class='ocrx_word' id='word_1_319' title='bbox 1084 2695 1343 2743; x_wconf 88' lang='lat' dir='ltr'>festinanti</span> <span class='ocrx_word' id='word_1_320' title='bbox 1376 2695 1565 2743; x_wconf 90' lang='lat' dir='ltr'>calamo</span> <span class='ocrx_word' id='word_1_321' title='bbox 1599 2697 1648 2742; x_wconf 89' lang='lat' dir='ltr'>et</span> <span class='ocrx_word' id='word_1_322' title='bbox 1679 2695 1882 2758; x_wconf 89' lang='lat' dir='ltr'>linguae</span> 
     </span>
    </p>
   </div>
   <div class='ocr_carea' id='block_1_3' title="bbox 191 2866 1883 2988">
    <p class='ocr_par' dir='ltr' id='par_1_3' title="bbox 191 2866 1883 2988">
     <span class='ocr_line' id='line_1_36' title="bbox 267 2866 1882 2926; baseline -0.001 -14"><span class='ocrx_word' id='word_1_323' title='bbox 267 2873 309 2926; x_wconf 86' lang='lat'>1)</span> <span class='ocrx_word' id='word_1_324' title='bbox 342 2868 453 2913; x_wconf 80' lang='lat' dir='ltr'>Tres</span> <span class='ocrx_word' id='word_1_325' title='bbox 484 2884 651 2913; x_wconf 87' lang='lat' dir='ltr'>manus</span> <span class='ocrx_word' id='word_1_326' title='bbox 682 2869 812 2913; x_wconf 89' lang='lat' dir='ltr'>Buck</span> <span class='ocrx_word' id='word_1_327' title='bbox 842 2885 887 2926; x_wconf 91' lang='lat' dir='ltr'>p.</span> <span class='ocrx_word' id='word_1_328' title='bbox 915 2874 938 2912; x_wconf 89' lang='grc'>7</span> <span class='ocrx_word' id='word_1_329' title='bbox 973 2868 1206 2923; x_wconf 88' lang='lat' dir='ltr'>discrevit,</span> <span class='ocrx_word' id='word_1_330' title='bbox 1238 2882 1435 2924; x_wconf 84' lang='lat' dir='ltr'>quarum</span> <span class='ocrx_word' id='word_1_331' title='bbox 1465 2867 1664 2924; x_wconf 86' lang='lat' dir='ltr'>primam</span> <span class='ocrx_word' id='word_1_332' title='bbox 1697 2866 1882 2912; x_wconf 80' lang='lat' dir='ltr'>saeculo</span> 
     </span>
     <span class='ocr_line' id='line_1_37' title="bbox 191 2926 1883 2988; baseline -0.001 -16"><span class='ocrx_word' id='word_1_333' title='bbox 191 2928 254 2972; x_wconf 92' lang='lat' dir='ltr'>XI</span> <span class='ocrx_word' id='word_1_334' title='bbox 294 2928 532 2985; x_wconf 74' lang='lat' dir='ltr'>ascripsit,</span> <span class='ocrx_word' id='word_1_335' title='bbox 572 2943 658 2974; x_wconf 89' lang='lat' dir='ltr'>nec</span> <span class='ocrx_word' id='word_1_336' title='bbox 689 2942 795 2973; x_wconf 84' lang='lat' dir='ltr'>vero</span> <span class='ocrx_word' id='word_1_337' title='bbox 835 2929 936 2988; x_wconf 85' lang='lat' dir='ltr'>ipse</span> <span class='ocrx_word' id='word_1_338' title='bbox 976 2927 1290 2972; x_wconf 82' lang='lat' dir='ltr'>distinctionis</span> <span class='ocrx_word' id='word_1_339' title='bbox 1332 2926 1660 2977; x_wconf 76' lang='lat' dir='ltr'>difficultatem</span> <span class='ocrx_word' id='word_1_340' title='bbox 1701 2927 1883 2977; x_wconf 83' lang='lat' dir='ltr'>celavit,</span> 
     </span>
    </p>
   </div>
  </div>
 </body>
</html>
