<?xml version="1.0" encoding="UTF-8"?>
<!DOCTYPE html PUBLIC "-//W3C//DTD XHTML 1.0 Transitional//EN"
    "http://www.w3.org/TR/xhtml1/DTD/xhtml1-transitional.dtd">
<html xmlns="http://www.w3.org/1999/xhtml" xml:lang="en" lang="en">
 <head>
  <title>
</title>
<meta http-equiv="Content-Type" content="text/html;charset=utf-8" />
  <meta name='ocr-system' content='tesseract 3.04.00' />
  <meta name='ocr-capabilities' content='ocr_page ocr_carea ocr_par ocr_line ocrx_word'/>
</head>
<body>
  <div class='ocr_page' id='page_1' title='image "./f2operaquaesuper01seneuoft_0162.png"; bbox 0 0 2020 3132; ppageno 0'>
   <div class='ocr_carea' id='block_1_1' title="bbox 174 79 1328 154">
    <p class='ocr_par' dir='ltr' id='par_1_1' title="bbox 174 79 1328 154">
     <span class='ocr_line' id='line_1_1' title="bbox 174 79 1328 154; baseline -0.008 -2"><span class='ocrx_word' id='word_1_1' title='bbox 174 79 290 154; x_wconf 35' lang='lat'>124*</span> <span class='ocrx_word' id='word_1_2' title='bbox 705 100 752 144; x_wconf 88' lang='lat' dir='ltr'>L.</span> <span class='ocrx_word' id='word_1_3' title='bbox 787 98 1023 143; x_wconf 76' lang='lat' dir='ltr'>ANNAm</span> <span class='ocrx_word' id='word_1_4' title='bbox 1055 98 1328 144; x_wconf 79' lang='lat' dir='ltr'>SENECAE</span> 
     </span>
    </p>
   </div>
   <div class='ocr_carea' id='block_1_2' title="bbox 0 235 1934 2018">
    <p class='ocr_par' dir='ltr' id='par_1_2' title="bbox 167 235 1862 453">
     <span class='ocr_line' id='line_1_2' title="bbox 168 235 1862 305; baseline 0.001 -16"><span class='ocrx_word' id='word_1_5' title='bbox 168 237 361 290; x_wconf 90' lang='lat' dir='ltr'>damno</span> <span class='ocrx_word' id='word_1_6' title='bbox 396 236 500 289; x_wconf 89' lang='lat' dir='ltr'>sibi</span> <span class='ocrx_word' id='word_1_7' title='bbox 532 253 668 304; x_wconf 88' lang='lat' dir='ltr'>esse,</span> <span class='ocrx_word' id='word_1_8' title='bbox 710 235 787 288; x_wconf 88' lang='lat' dir='ltr'>sic</span> <span class='ocrx_word' id='word_1_9' title='bbox 819 238 871 288; x_wconf 93' lang='lat' dir='ltr'>et</span> <span class='ocrx_word' id='word_1_10' title='bbox 909 235 1059 288; x_wconf 89' lang='lat' dir='ltr'>lucro</span> <span class='ocrx_word' id='word_1_11' title='bbox 1092 238 1286 305; x_wconf 88' lang='lat' dir='ltr'>potest.</span> <span class='ocrx_word' id='word_1_12' title='bbox 1341 235 1543 288; x_wconf 82' lang='lat' dir='ltr'>Iniuria</span> <span class='ocrx_word' id='word_1_13' title='bbox 1581 240 1635 289; x_wconf 92' lang='lat' dir='ltr'>et</span> <span class='ocrx_word' id='word_1_14' title='bbox 1665 237 1862 290; x_wconf 88' lang='lat' dir='ltr'>benefi-</span> 
     </span>
     <span class='ocr_line' id='line_1_3' title="bbox 169 309 1860 380; baseline -0.001 -16"><span class='ocrx_word' id='word_1_15' title='bbox 169 312 310 365; x_wconf 91' lang='lat' dir='ltr'>cium</span> <span class='ocrx_word' id='word_1_16' title='bbox 338 310 602 364; x_wconf 85' lang='lat' dir='ltr'>contraria</span> <span class='ocrx_word' id='word_1_17' title='bbox 626 313 772 380; x_wconf 82' lang='lat' dir='ltr'>sunt3</span> <span class='ocrx_word' id='word_1_18' title='bbox 804 310 850 362; x_wconf 91' lang='lat' dir='ltr'>si</span> <span class='ocrx_word' id='word_1_19' title='bbox 874 310 938 363; x_wconf 89' lang='lat' dir='ltr'>de</span> <span class='ocrx_word' id='word_1_20' title='bbox 962 309 1141 378; x_wconf 87' lang='lat' dir='ltr'>aliquo</span> <span class='ocrx_word' id='word_1_21' title='bbox 1169 310 1414 363; x_wconf 82' lang='lat' dir='ltr'>dicimus:</span> <span class='ocrx_word' id='word_1_22' title='bbox 1444 310 1734 364; x_wconf 80' lang='lat' dir='ltr'>“iniuriam</span> <span class='ocrx_word' id='word_1_23' title='bbox 1760 312 1860 364; x_wconf 85' lang='lat' dir='ltr'>sibi</span> 
     </span>
     <span class='ocr_line' id='line_1_4' title="bbox 167 383 1772 453; baseline 0 -15"><span class='ocrx_word' id='word_1_24' title='bbox 167 385 352 452; x_wconf 88' lang='lat' dir='ltr'>fecit&#39;’,</span> <span class='ocrx_word' id='word_1_25' title='bbox 382 385 679 453; x_wconf 75' lang='lat' dir='ltr'>poterimus</span> <span class='ocrx_word' id='word_1_26' title='bbox 713 383 886 437; x_wconf 90' lang='lat' dir='ltr'>dicere</span> <span class='ocrx_word' id='word_1_27' title='bbox 918 387 991 437; x_wconf 88' lang='lat' dir='ltr'>et:</span> <span class='ocrx_word' id='word_1_28' title='bbox 1026 384 1382 437; x_wconf 76' lang='lat' dir='ltr'>“beneficium</span> <span class='ocrx_word' id='word_1_29' title='bbox 1416 385 1520 438; x_wconf 83' lang='lat' dir='ltr'>sibi</span> <span class='ocrx_word' id='word_1_30' title='bbox 1552 385 1772 438; x_wconf 89' lang='lat' dir='ltr'>dedit’&#39;.&#39;</span> 
     </span>
    </p>

    <p class='ocr_par' dir='ltr' id='par_1_3' title="bbox 0 458 1928 752">
     <span class='ocr_line' id='line_1_5' title="bbox 0 458 1860 531; baseline 0.002 -23"><span class='ocrx_word' id='word_1_31' title='bbox 0 465 94 508; x_wconf 87' lang='lat' dir='ltr'>VIII</span> <span class='ocrx_word' id='word_1_32' title='bbox 129 470 150 508; x_wconf 90' lang='lat'>1</span> <span class='ocrx_word' id='word_1_33' title='bbox 241 459 447 512; x_wconf 86' lang='lat' dir='ltr'>Natura</span> <span class='ocrx_word' id='word_1_34' title='bbox 477 459 627 528; x_wconf 88' lang='lat' dir='ltr'>prius</span> <span class='ocrx_word' id='word_1_35' title='bbox 659 462 762 528; x_wconf 86' lang='lat' dir='ltr'>est,</span> <span class='ocrx_word' id='word_1_36' title='bbox 794 461 855 511; x_wconf 91' lang='lat' dir='ltr'>ut</span> <span class='ocrx_word' id='word_1_37' title='bbox 887 459 1007 528; x_wconf 90' lang='lat' dir='ltr'>quis</span> <span class='ocrx_word' id='word_1_38' title='bbox 1041 458 1251 523; x_wconf 85' lang='lat' dir='ltr'>debeat,</span> <span class='ocrx_word' id='word_1_39' title='bbox 1289 459 1499 527; x_wconf 88' lang='lat' dir='ltr'>deinde,</span> <span class='ocrx_word' id='word_1_40' title='bbox 1539 462 1599 511; x_wconf 89' lang='lat' dir='ltr'>ut</span> <span class='ocrx_word' id='word_1_41' title='bbox 1632 459 1860 531; x_wconf 84' lang='lat' dir='ltr'>gratiam</span> 
     </span>
     <span class='ocr_line' id='line_1_6' title="bbox 164 532 1928 604; baseline 0.001 -18"><span class='ocrx_word' id='word_1_42' title='bbox 164 535 381 603; x_wconf 80' lang='lat' dir='ltr'>referat3</span> <span class='ocrx_word' id='word_1_43' title='bbox 414 534 625 586; x_wconf 89' lang='lat' dir='ltr'>debitor</span> <span class='ocrx_word' id='word_1_44' title='bbox 655 551 763 586; x_wconf 90' lang='lat' dir='ltr'>non</span> <span class='ocrx_word' id='word_1_45' title='bbox 795 536 877 586; x_wconf 89' lang='lat' dir='ltr'>est</span> <span class='ocrx_word' id='word_1_46' title='bbox 908 533 1022 586; x_wconf 88' lang='lat' dir='ltr'>sine</span> <span class='ocrx_word' id='word_1_47' title='bbox 1047 532 1322 602; x_wconf 76' lang='lat' dir='ltr'>creditore,</span> <span class='ocrx_word' id='word_1_48' title='bbox 1352 552 1463 586; x_wconf 92' lang='lat' dir='ltr'>non</span> <span class='ocrx_word' id='word_1_49' title='bbox 1494 534 1664 604; x_wconf 86' lang='lat' dir='ltr'>magis</span> <span class='ocrx_word' id='word_1_50' title='bbox 1699 553 1862 603; x_wconf 88' lang='lat' dir='ltr'>quam</span> <span class='ocrx_word' id='word_1_51' title='bbox 1909 556 1928 588; x_wconf 82' lang='lat'><strong>5</strong></span> 
     </span>
     <span class='ocr_line' id='line_1_7' title="bbox 165 607 1863 678; baseline -0.001 -17"><span class='ocrx_word' id='word_1_52' title='bbox 165 609 390 662; x_wconf 88' lang='lat' dir='ltr'>maritus</span> <span class='ocrx_word' id='word_1_53' title='bbox 415 608 530 661; x_wconf 90' lang='lat' dir='ltr'>sine</span> <span class='ocrx_word' id='word_1_54' title='bbox 554 625 719 660; x_wconf 87' lang='lat' dir='ltr'>uxore</span> <span class='ocrx_word' id='word_1_55' title='bbox 743 610 838 660; x_wconf 88' lang='lat' dir='ltr'>aut</span> <span class='ocrx_word' id='word_1_56' title='bbox 862 609 975 661; x_wconf 90' lang='lat' dir='ltr'>sine</span> <span class='ocrx_word' id='word_1_57' title='bbox 1001 607 1113 660; x_wconf 90' lang='lat' dir='ltr'>filio</span> <span class='ocrx_word' id='word_1_58' title='bbox 1138 610 1310 678; x_wconf 88' lang='lat' dir='ltr'>pater;</span> <span class='ocrx_word' id='word_1_59' title='bbox 1337 608 1531 677; x_wconf 88' lang='lat' dir='ltr'>aliquis</span> <span class='ocrx_word' id='word_1_60' title='bbox 1551 609 1673 661; x_wconf 87' lang='lat' dir='ltr'>dare</span> <span class='ocrx_word' id='word_1_61' title='bbox 1692 609 1863 677; x_wconf 89' lang='lat' dir='ltr'>debet,</span> 
     </span>
     <span class='ocr_line' id='line_1_8' title="bbox 166 680 1863 752; baseline 0.001 -18"><span class='ocrx_word' id='word_1_62' title='bbox 166 686 227 735; x_wconf 94' lang='lat' dir='ltr'>ut</span> <span class='ocrx_word' id='word_1_63' title='bbox 265 684 458 751; x_wconf 88' lang='lat' dir='ltr'>aliquis</span> <span class='ocrx_word' id='word_1_64' title='bbox 499 681 739 751; x_wconf 90' lang='lat' dir='ltr'>accipiat.</span> <span class='ocrx_word' id='word_1_65' title='bbox 790 680 918 735; x_wconf 91' lang='lat' dir='ltr'>Non</span> <span class='ocrx_word' id='word_1_66' title='bbox 956 685 1038 735; x_wconf 87' lang='lat' dir='ltr'>est</span> <span class='ocrx_word' id='word_1_67' title='bbox 1077 683 1201 734; x_wconf 85' lang='lat' dir='ltr'>dare</span> <span class='ocrx_word' id='word_1_68' title='bbox 1240 701 1338 735; x_wconf 91' lang='lat' dir='ltr'>nec</span> <span class='ocrx_word' id='word_1_69' title='bbox 1378 683 1614 752; x_wconf 91' lang='lat' dir='ltr'>accipere</span> <span class='ocrx_word' id='word_1_70' title='bbox 1654 683 1711 735; x_wconf 92' lang='lat' dir='ltr'>in</span> <span class='ocrx_word' id='word_1_71' title='bbox 1744 683 1863 736; x_wconf 85' lang='lat' dir='ltr'>dex-</span> 
     </span>
    </p>

    <p class='ocr_par' dir='ltr' id='par_1_4' title="bbox 107 755 1933 1275">
     <span class='ocr_line' id='line_1_9' title="bbox 107 755 1864 819; baseline -0.001 -8"><span class='ocrx_word' id='word_1_72' title='bbox 107 773 132 811; x_wconf 84' lang='lat'><strong>2</strong></span> <span class='ocrx_word' id='word_1_73' title='bbox 165 761 332 810; x_wconf 84' lang='lat' dir='ltr'>teram</span> <span class='ocrx_word' id='word_1_74' title='bbox 369 775 584 810; x_wconf 89' lang='lat' dir='ltr'>manum</span> <span class='ocrx_word' id='word_1_75' title='bbox 619 775 683 809; x_wconf 85' lang='lat' dir='ltr'>ex</span> <span class='ocrx_word' id='word_1_76' title='bbox 716 756 932 809; x_wconf 89' lang='lat' dir='ltr'>sinistra</span> <span class='ocrx_word' id='word_1_77' title='bbox 962 757 1265 809; x_wconf 87' lang='lat' dir='ltr'>transferre.</span> <span class='ocrx_word' id='word_1_78' title='bbox 1314 755 1592 819; x_wconf 85' lang='lat' dir='ltr'>Quomodo</span> <span class='ocrx_word' id='word_1_79' title='bbox 1618 775 1775 810; x_wconf 89' lang='lat' dir='ltr'>nemo</span> <span class='ocrx_word' id='word_1_80' title='bbox 1810 775 1864 810; x_wconf 89' lang='lat' dir='ltr'>se</span> 
     </span>
     <span class='ocr_line' id='line_1_10' title="bbox 167 831 1864 901; baseline 0 -17"><span class='ocrx_word' id='word_1_81' title='bbox 167 835 363 901; x_wconf 86' lang='lat' dir='ltr'>portat,</span> <span class='ocrx_word' id='word_1_82' title='bbox 395 831 639 901; x_wconf 86' lang='lat' dir='ltr'>quamvis</span> <span class='ocrx_word' id='word_1_83' title='bbox 672 849 869 899; x_wconf 90' lang='lat' dir='ltr'>corpus</span> <span class='ocrx_word' id='word_1_84' title='bbox 903 849 1058 884; x_wconf 90' lang='lat' dir='ltr'>suum</span> <span class='ocrx_word' id='word_1_85' title='bbox 1084 835 1296 884; x_wconf 86' lang='lat' dir='ltr'>moveat</span> <span class='ocrx_word' id='word_1_86' title='bbox 1320 834 1373 884; x_wconf 89' lang='lat' dir='ltr'>et</span> <span class='ocrx_word' id='word_1_87' title='bbox 1405 832 1706 900; x_wconf 88' lang='lat' dir='ltr'>transferat,</span> <span class='ocrx_word' id='word_1_88' title='bbox 1738 850 1864 901; x_wconf 92' lang='lat' dir='ltr'>quo-</span> 
     </span>
     <span class='ocr_line' id='line_1_11' title="bbox 167 905 1933 975; baseline 0.001 -16"><span class='ocrx_word' id='word_1_89' title='bbox 167 906 325 959; x_wconf 87' lang='lat' dir='ltr'>modo</span> <span class='ocrx_word' id='word_1_90' title='bbox 349 924 524 975; x_wconf 90' lang='lat' dir='ltr'>nem0,</span> <span class='ocrx_word' id='word_1_91' title='bbox 556 905 799 975; x_wconf 86' lang='lat' dir='ltr'>quamvis</span> <span class='ocrx_word' id='word_1_92' title='bbox 829 923 926 974; x_wconf 91' lang='lat' dir='ltr'>pro</span> <span class='ocrx_word' id='word_1_93' title='bbox 952 924 1007 958; x_wconf 90' lang='lat' dir='ltr'>se</span> <span class='ocrx_word' id='word_1_94' title='bbox 1040 906 1250 974; x_wconf 76' lang='lat' dir='ltr'>dixerit,</span> <span class='ocrx_word' id='word_1_95' title='bbox 1282 905 1517 959; x_wconf 82' lang='lat' dir='ltr'>adfuisse</span> <span class='ocrx_word' id='word_1_96' title='bbox 1542 906 1644 959; x_wconf 90' lang='lat' dir='ltr'>sibi</span> <span class='ocrx_word' id='word_1_97' title='bbox 1670 907 1866 959; x_wconf 88' lang='lat' dir='ltr'>dicitur</span> <span class='ocrx_word' id='word_1_98' title='bbox 1892 930 1933 961; x_wconf 89' lang='lat'>10</span> 
     </span>
     <span class='ocr_line' id='line_1_12' title="bbox 164 979 1864 1064; baseline 0.001 -32"><span class='ocrx_word' id='word_1_99' title='bbox 164 999 264 1034; x_wconf 91' lang='lat' dir='ltr'>nec</span> <span class='ocrx_word' id='word_1_100' title='bbox 295 984 527 1034; x_wconf 88' lang='lat' dir='ltr'>statuam</span> <span class='ocrx_word' id='word_1_101' title='bbox 561 979 663 1033; x_wconf 89' lang='lat' dir='ltr'>sibi</span> <span class='ocrx_word' id='word_1_102' title='bbox 694 983 971 1048; x_wconf 84' lang='lat' dir='ltr'>tamquam</span> <span class='ocrx_word' id='word_1_103' title='bbox 1002 983 1230 1049; x_wconf 91' lang='lat' dir='ltr'>patrono</span> <span class='ocrx_word' id='word_1_104' title='bbox 1265 998 1361 1034; x_wconf 92' lang='lat' dir='ltr'>suo</span> <span class='ocrx_word' id='word_1_105' title='bbox 1393 980 1565 1050; x_wconf 92' lang='lat' dir='ltr'>ponit,</span> <span class='ocrx_word' id='word_1_106' title='bbox 1596 981 1864 1064; x_wconf 81' lang='lat' dir='ltr'>quomodo</span> 
     </span>
     <span class='ocr_line' id='line_1_13' title="bbox 167 1054 1864 1126; baseline -0.001 -18"><span class='ocrx_word' id='word_1_107' title='bbox 167 1073 339 1126; x_wconf 84' lang='lat' dir='ltr'>aeger,</span> <span class='ocrx_word' id='word_1_108' title='bbox 371 1073 492 1108; x_wconf 88' lang='lat' dir='ltr'>cum</span> <span class='ocrx_word' id='word_1_109' title='bbox 525 1073 654 1108; x_wconf 90' lang='lat' dir='ltr'>cura</span> <span class='ocrx_word' id='word_1_110' title='bbox 686 1073 783 1106; x_wconf 89' lang='lat' dir='ltr'>sua</span> <span class='ocrx_word' id='word_1_111' title='bbox 815 1054 1109 1124; x_wconf 87' lang='lat' dir='ltr'>convaluit,</span> <span class='ocrx_word' id='word_1_112' title='bbox 1141 1055 1434 1108; x_wconf 85' lang='lat' dir='ltr'>mercedem</span> <span class='ocrx_word' id='word_1_113' title='bbox 1467 1074 1498 1108; x_wconf 92' lang='lat' dir='ltr'>a</span> <span class='ocrx_word' id='word_1_114' title='bbox 1531 1073 1586 1107; x_wconf 89' lang='lat' dir='ltr'>se</span> <span class='ocrx_word' id='word_1_115' title='bbox 1618 1073 1726 1108; x_wconf 90' lang='lat' dir='ltr'>non</span> <span class='ocrx_word' id='word_1_116' title='bbox 1759 1055 1864 1108; x_wconf 87' lang='lat' dir='ltr'>exi-</span> 
     </span>
     <span class='ocr_line' id='line_1_14' title="bbox 167 1129 1866 1201; baseline -0.001 -19"><span class='ocrx_word' id='word_1_117' title='bbox 167 1131 264 1201; x_wconf 84' lang='lat' dir='ltr'>git,</span> <span class='ocrx_word' id='word_1_118' title='bbox 296 1130 371 1182; x_wconf 88' lang='lat' dir='ltr'>sic</span> <span class='ocrx_word' id='word_1_119' title='bbox 404 1130 461 1182; x_wconf 89' lang='lat' dir='ltr'>in</span> <span class='ocrx_word' id='word_1_120' title='bbox 493 1129 640 1182; x_wconf 90' lang='lat' dir='ltr'>omni</span> <span class='ocrx_word' id='word_1_121' title='bbox 672 1130 908 1200; x_wconf 70' lang='grc' dir='ltr'><strong>118ςοῦ10,</strong></span> <span class='ocrx_word' id='word_1_122' title='bbox 941 1130 1102 1182; x_wconf 86' lang='lat' dir='ltr'>etiam</span> <span class='ocrx_word' id='word_1_123' title='bbox 1135 1147 1254 1182; x_wconf 91' lang='lat' dir='ltr'>cum</span> <span class='ocrx_word' id='word_1_124' title='bbox 1288 1129 1513 1199; x_wconf 87' lang='lat' dir='ltr'>aliquid,</span> <span class='ocrx_word' id='word_1_125' title='bbox 1545 1131 1680 1197; x_wconf 80' lang='lat' dir='ltr'>quod</span> <span class='ocrx_word' id='word_1_126' title='bbox 1711 1130 1866 1198; x_wconf 88' lang='lat' dir='ltr'>prod-</span> 
     </span>
     <span class='ocr_line' id='line_1_15' title="bbox 169 1203 1864 1275; baseline 0 -18"><span class='ocrx_word' id='word_1_127' title='bbox 169 1207 306 1258; x_wconf 89' lang='lat' dir='ltr'>esset</span> <span class='ocrx_word' id='word_1_128' title='bbox 345 1205 470 1273; x_wconf 84' lang='lat' dir='ltr'>sibi,</span> <span class='ocrx_word' id='word_1_129' title='bbox 515 1203 724 1270; x_wconf 87' lang='lat' dir='ltr'>fecerit,</span> <span class='ocrx_word' id='word_1_130' title='bbox 774 1221 884 1255; x_wconf 88' lang='lat' dir='ltr'>non</span> <span class='ocrx_word' id='word_1_131' title='bbox 923 1206 1102 1257; x_wconf 90' lang='lat' dir='ltr'>tamen</span> <span class='ocrx_word' id='word_1_132' title='bbox 1150 1203 1364 1256; x_wconf 89' lang='lat' dir='ltr'>debebit</span> <span class='ocrx_word' id='word_1_133' title='bbox 1401 1205 1597 1257; x_wconf 88' lang='lat' dir='ltr'>referre</span> <span class='ocrx_word' id='word_1_134' title='bbox 1637 1203 1864 1275; x_wconf 82' lang='lat' dir='ltr'>gratiam</span> 
     </span>
    </p>

    <p class='ocr_par' dir='ltr' id='par_1_5' title="bbox 109 1277 1934 1796">
     <span class='ocr_line' id='line_1_16' title="bbox 109 1277 1933 1348; baseline 0.001 -17"><span class='ocrx_word' id='word_1_135' title='bbox 109 1292 134 1330; x_wconf 89' lang='lat'><strong>3</strong></span> <span class='ocrx_word' id='word_1_136' title='bbox 169 1279 286 1348; x_wconf 87' lang='lat' dir='ltr'>sibi,</span> <span class='ocrx_word' id='word_1_137' title='bbox 320 1279 444 1347; x_wconf 88' lang='lat' dir='ltr'>quia</span> <span class='ocrx_word' id='word_1_138' title='bbox 468 1298 578 1331; x_wconf 89' lang='lat' dir='ltr'>non</span> <span class='ocrx_word' id='word_1_139' title='bbox 601 1277 838 1347; x_wconf 87' lang='lat' dir='ltr'>habebit,</span> <span class='ocrx_word' id='word_1_140' title='bbox 863 1279 949 1331; x_wconf 92' lang='lat' dir='ltr'>cui</span> <span class='ocrx_word' id='word_1_141' title='bbox 973 1279 1181 1331; x_wconf 88' lang='lat' dir='ltr'>referat.</span> <span class='ocrx_word' id='word_1_142' title='bbox 1223 1277 1299 1331; x_wconf 90' lang='lat' dir='ltr'>Ut</span> <span class='ocrx_word' id='word_1_143' title='bbox 1323 1279 1607 1331; x_wconf 86' lang='lat' dir='ltr'>concedam</span> <span class='ocrx_word' id='word_1_144' title='bbox 1632 1278 1865 1347; x_wconf 88' lang='lat' dir='ltr'>aliquem</span> <span class='ocrx_word' id='word_1_145' title='bbox 1892 1300 1933 1332; x_wconf 81' lang='lat'>15</span> 
     </span>
     <span class='ocr_line' id='line_1_17' title="bbox 169 1352 1866 1422; baseline 0 -16"><span class='ocrx_word' id='word_1_146' title='bbox 169 1354 292 1407; x_wconf 89' lang='lat' dir='ltr'>dare</span> <span class='ocrx_word' id='word_1_147' title='bbox 324 1353 427 1406; x_wconf 88' lang='lat' dir='ltr'>sibi</span> <span class='ocrx_word' id='word_1_148' title='bbox 467 1353 809 1417; x_wconf 83' lang='lat' dir='ltr'>beneficium,</span> <span class='ocrx_word' id='word_1_149' title='bbox 850 1353 975 1405; x_wconf 91' lang='lat' dir='ltr'>dum</span> <span class='ocrx_word' id='word_1_150' title='bbox 1010 1353 1122 1422; x_wconf 88' lang='lat' dir='ltr'>dat,</span> <span class='ocrx_word' id='word_1_151' title='bbox 1154 1355 1208 1405; x_wconf 90' lang='lat' dir='ltr'>et</span> <span class='ocrx_word' id='word_1_152' title='bbox 1239 1352 1450 1422; x_wconf 79' lang='lat' dir='ltr'>recipit:</span> <span class='ocrx_word' id='word_1_153' title='bbox 1494 1356 1551 1406; x_wconf 89' lang='lat' dir='ltr'>ut</span> <span class='ocrx_word' id='word_1_154' title='bbox 1582 1354 1866 1406; x_wconf 88' lang='lat' dir='ltr'>concedam</span> 
     </span>
     <span class='ocr_line' id='line_1_18' title="bbox 169 1427 1864 1498; baseline 0.001 -19"><span class='ocrx_word' id='word_1_155' title='bbox 169 1428 402 1498; x_wconf 87' lang='lat' dir='ltr'>aliquem</span> <span class='ocrx_word' id='word_1_156' title='bbox 440 1448 471 1481; x_wconf 90' lang='lat' dir='ltr'>a</span> <span class='ocrx_word' id='word_1_157' title='bbox 509 1446 564 1480; x_wconf 88' lang='lat' dir='ltr'>se</span> <span class='ocrx_word' id='word_1_158' title='bbox 605 1428 842 1496; x_wconf 87' lang='lat' dir='ltr'>accipere</span> <span class='ocrx_word' id='word_1_159' title='bbox 883 1427 1221 1495; x_wconf 89' lang='lat' dir='ltr'>beneficium,</span> <span class='ocrx_word' id='word_1_160' title='bbox 1262 1427 1388 1480; x_wconf 89' lang='lat' dir='ltr'>dum</span> <span class='ocrx_word' id='word_1_161' title='bbox 1422 1428 1639 1497; x_wconf 82' lang='lat' dir='ltr'>accipit,</span> <span class='ocrx_word' id='word_1_162' title='bbox 1678 1428 1864 1481; x_wconf 90' lang='lat' dir='ltr'>reddit.</span> 
     </span>
     <span class='ocr_line' id='line_1_19' title="bbox 168 1501 1867 1572; baseline 0.001 -18"><span class='ocrx_word' id='word_1_163' title='bbox 168 1502 354 1571; x_wconf 91' lang='lat' dir='ltr'>Domi,</span> <span class='ocrx_word' id='word_1_164' title='bbox 387 1503 529 1572; x_wconf 91' lang='lat' dir='ltr'>quod</span> <span class='ocrx_word' id='word_1_165' title='bbox 561 1501 736 1572; x_wconf 89' lang='lat' dir='ltr'>aiunt,</span> <span class='ocrx_word' id='word_1_166' title='bbox 770 1519 990 1554; x_wconf 83' lang='lat' dir='ltr'>versura</span> <span class='ocrx_word' id='word_1_167' title='bbox 1021 1502 1083 1555; x_wconf 89' lang='lat' dir='ltr'>fit</span> <span class='ocrx_word' id='word_1_168' title='bbox 1114 1505 1167 1555; x_wconf 88' lang='lat' dir='ltr'>et</span> <span class='ocrx_word' id='word_1_169' title='bbox 1200 1502 1347 1555; x_wconf 84' lang='lat' dir='ltr'>velut</span> <span class='ocrx_word' id='word_1_170' title='bbox 1378 1503 1639 1555; x_wconf 90' lang='lat' dir='ltr'>lusorium</span> <span class='ocrx_word' id='word_1_171' title='bbox 1671 1521 1867 1555; x_wconf 89' lang='lat' dir='ltr'>nomen</span> 
     </span>
     <span class='ocr_line' id='line_1_20' title="bbox 168 1576 1866 1646; baseline -0.001 -16"><span class='ocrx_word' id='word_1_172' title='bbox 168 1578 351 1630; x_wconf 89' lang='lat' dir='ltr'>statim</span> <span class='ocrx_word' id='word_1_173' title='bbox 382 1577 598 1644; x_wconf 85' lang='lat' dir='ltr'>transit3</span> <span class='ocrx_word' id='word_1_174' title='bbox 637 1595 810 1646; x_wconf 88' lang='lat' dir='ltr'>neque</span> <span class='ocrx_word' id='word_1_175' title='bbox 849 1577 991 1629; x_wconf 90' lang='lat' dir='ltr'>enim</span> <span class='ocrx_word' id='word_1_176' title='bbox 1024 1576 1160 1629; x_wconf 86' lang='lat' dir='ltr'>alius</span> <span class='ocrx_word' id='word_1_177' title='bbox 1201 1577 1292 1629; x_wconf 88' lang='lat' dir='ltr'>dat</span> <span class='ocrx_word' id='word_1_178' title='bbox 1323 1595 1484 1645; x_wconf 86' lang='lat' dir='ltr'>quam</span> <span class='ocrx_word' id='word_1_179' title='bbox 1518 1577 1735 1646; x_wconf 89' lang='lat' dir='ltr'>accipit,</span> <span class='ocrx_word' id='word_1_180' title='bbox 1775 1577 1866 1630; x_wconf 86' lang='lat' dir='ltr'>sed</span> 
     </span>
     <span class='ocr_line' id='line_1_21' title="bbox 168 1650 1934 1720; baseline 0.002 -16"><span class='ocrx_word' id='word_1_181' title='bbox 168 1670 305 1704; x_wconf 89' lang='lat' dir='ltr'>unus</span> <span class='ocrx_word' id='word_1_182' title='bbox 344 1654 505 1720; x_wconf 88' lang='lat' dir='ltr'>atque</span> <span class='ocrx_word' id='word_1_183' title='bbox 542 1651 698 1704; x_wconf 89' lang='lat' dir='ltr'>idem.</span> <span class='ocrx_word' id='word_1_184' title='bbox 746 1651 864 1704; x_wconf 92' lang='lat' dir='ltr'>Hoc</span> <span class='ocrx_word' id='word_1_185' title='bbox 903 1651 1124 1704; x_wconf 90' lang='lat' dir='ltr'>verbum</span> <span class='ocrx_word' id='word_1_186' title='bbox 1158 1650 1386 1704; x_wconf 75' lang='lat' dir='ltr'>‘debere&#39;</span> <span class='ocrx_word' id='word_1_187' title='bbox 1419 1669 1527 1705; x_wconf 90' lang='lat' dir='ltr'>non</span> <span class='ocrx_word' id='word_1_188' title='bbox 1566 1651 1728 1704; x_wconf 88' lang='lat' dir='ltr'>habet</span> <span class='ocrx_word' id='word_1_189' title='bbox 1761 1653 1866 1704; x_wconf 88' lang='lat' dir='ltr'>nisi</span> <span class='ocrx_word' id='word_1_190' title='bbox 1892 1677 1934 1709; x_wconf 78' lang='lat'>20</span> 
     </span>
     <span class='ocr_line' id='line_1_22' title="bbox 169 1726 1866 1796; baseline 0 -18"><span class='ocrx_word' id='word_1_191' title='bbox 169 1726 309 1778; x_wconf 85' lang='lat' dir='ltr'>inter</span> <span class='ocrx_word' id='word_1_192' title='bbox 341 1726 474 1779; x_wconf 91' lang='lat' dir='ltr'>duos</span> <span class='ocrx_word' id='word_1_193' title='bbox 505 1727 706 1796; x_wconf 83' lang='lat' dir='ltr'>locum3</span> <span class='ocrx_word' id='word_1_194' title='bbox 747 1726 1014 1794; x_wconf 91' lang='lat' dir='ltr'>quomodo</span> <span class='ocrx_word' id='word_1_195' title='bbox 1048 1744 1174 1796; x_wconf 89' lang='lat' dir='ltr'>ergo</span> <span class='ocrx_word' id='word_1_196' title='bbox 1214 1726 1272 1779; x_wconf 94' lang='lat' dir='ltr'>in</span> <span class='ocrx_word' id='word_1_197' title='bbox 1311 1744 1417 1779; x_wconf 91' lang='lat' dir='ltr'>uno</span> <span class='ocrx_word' id='word_1_198' title='bbox 1453 1726 1732 1794; x_wconf 88' lang='lat' dir='ltr'>consistet,</span> <span class='ocrx_word' id='word_1_199' title='bbox 1773 1727 1866 1795; x_wconf 90' lang='lat' dir='ltr'>qui</span> 
     </span>
    </p>

    <p class='ocr_par' dir='ltr' id='par_1_6' title="bbox 111 1799 1867 2018">
     <span class='ocr_line' id='line_1_23' title="bbox 111 1799 1865 1870; baseline -0.001 -17"><span class='ocrx_word' id='word_1_200' title='bbox 111 1814 137 1853; x_wconf 88' lang='lat'>4</span> <span class='ocrx_word' id='word_1_201' title='bbox 171 1819 226 1854; x_wconf 87' lang='lat' dir='ltr'>se</span> <span class='ocrx_word' id='word_1_202' title='bbox 265 1801 554 1870; x_wconf 85' lang='lat' dir='ltr'>obligando</span> <span class='ocrx_word' id='word_1_203' title='bbox 597 1800 826 1854; x_wconf 78' lang='lat' dir='ltr'>liberat?</span> <span class='ocrx_word' id='word_1_204' title='bbox 887 1799 964 1853; x_wconf 88' lang='lat' dir='ltr'>Ut</span> <span class='ocrx_word' id='word_1_205' title='bbox 1005 1800 1063 1852; x_wconf 87' lang='lat' dir='ltr'>in</span> <span class='ocrx_word' id='word_1_206' title='bbox 1102 1799 1229 1853; x_wconf 90' lang='lat' dir='ltr'>orbe</span> <span class='ocrx_word' id='word_1_207' title='bbox 1272 1819 1333 1852; x_wconf 92' lang='lat' dir='ltr'>ac</span> <span class='ocrx_word' id='word_1_208' title='bbox 1371 1800 1480 1869; x_wconf 91' lang='lat' dir='ltr'>pila</span> <span class='ocrx_word' id='word_1_209' title='bbox 1522 1800 1659 1853; x_wconf 88' lang='lat' dir='ltr'>nihil</span> <span class='ocrx_word' id='word_1_210' title='bbox 1698 1800 1865 1852; x_wconf 90' lang='lat' dir='ltr'>imum</span> 
     </span>
     <span class='ocr_line' id='line_1_24' title="bbox 170 1874 1867 1944; baseline 0 -17"><span class='ocrx_word' id='word_1_211' title='bbox 170 1879 265 1943; x_wconf 89' lang='lat' dir='ltr'>est,</span> <span class='ocrx_word' id='word_1_212' title='bbox 295 1875 434 1928; x_wconf 90' lang='grc'><strong>1111111</strong></span> <span class='ocrx_word' id='word_1_213' title='bbox 464 1894 747 1944; x_wconf 88' lang='lat' dir='ltr'>summum,</span> <span class='ocrx_word' id='word_1_214' title='bbox 778 1874 918 1927; x_wconf 91' lang='lat' dir='ltr'>nihil</span> <span class='ocrx_word' id='word_1_215' title='bbox 950 1878 1261 1942; x_wconf 86' lang='lat' dir='ltr'>extremum,</span> <span class='ocrx_word' id='word_1_216' title='bbox 1293 1874 1430 1927; x_wconf 90' lang='lat' dir='ltr'>nihil</span> <span class='ocrx_word' id='word_1_217' title='bbox 1460 1875 1708 1944; x_wconf 87' lang='lat' dir='ltr'>primum,</span> <span class='ocrx_word' id='word_1_218' title='bbox 1741 1875 1867 1943; x_wconf 90' lang='lat' dir='ltr'>quia</span> 
     </span>
     <span class='ocr_line' id='line_1_25' title="bbox 169 1949 1865 2018; baseline -0.001 -15"><span class='ocrx_word' id='word_1_219' title='bbox 169 1953 321 2003; x_wconf 88' lang='lat' dir='ltr'>motu</span> <span class='ocrx_word' id='word_1_220' title='bbox 353 1950 482 2003; x_wconf 91' lang='lat' dir='ltr'>ordo</span> <span class='ocrx_word' id='word_1_221' title='bbox 515 1952 757 2002; x_wconf 84' lang='lat' dir='ltr'>mutatur</span> <span class='ocrx_word' id='word_1_222' title='bbox 789 1953 842 2002; x_wconf 90' lang='lat' dir='ltr'>et</span> <span class='ocrx_word' id='word_1_223' title='bbox 881 1967 1017 2018; x_wconf 90' lang='lat' dir='ltr'>quae</span> <span class='ocrx_word' id='word_1_224' title='bbox 1058 1950 1418 2018; x_wconf 84' lang='lat' dir='ltr'>sequebantur</span> <span class='ocrx_word' id='word_1_225' title='bbox 1456 1949 1781 2018; x_wconf 86' lang='lat' dir='ltr'>praecedunt</span> <span class='ocrx_word' id='word_1_226' title='bbox 1812 1953 1865 2003; x_wconf 90' lang='lat' dir='ltr'>et</span> 
     </span>
    </p>
   </div>
   <div class='ocr_carea' id='block_1_3' title="bbox 168 2095 1868 2988">
    <p class='ocr_par' dir='ltr' id='par_1_7' title="bbox 170 2095 1867 2272">
     <span class='ocr_line' id='line_1_26' title="bbox 241 2095 1867 2156; baseline 0.001 -17"><span class='ocrx_word' id='word_1_227' title='bbox 241 2105 262 2139; x_wconf 93' lang='lat'>1</span> <span class='ocrx_word' id='word_1_228' title='bbox 292 2095 556 2156; x_wconf 70' lang='lat' dir='ltr'>beneficusss</span> <span class='ocrx_word' id='word_1_229' title='bbox 586 2101 621 2140; x_wconf 83' lang='lat' dir='ltr'>G</span> <span class='ocrx_word' id='word_1_230' title='bbox 740 2105 764 2139; x_wconf 73' lang='lat'>23</span> <span class='ocrx_word' id='word_1_231' title='bbox 795 2097 1072 2142; x_wconf 88' lang='lat' dir='ltr'>beneficium</span> <span class='ocrx_word' id='word_1_232' title='bbox 1105 2097 1246 2142; x_wconf 87' lang='lat' dir='ltr'>dedit.</span> <span class='ocrx_word' id='word_1_233' title='bbox 1302 2097 1392 2142; x_wconf 88' lang='lat' dir='ltr'>Sed</span> <span class='ocrx_word' id='word_1_234' title='bbox 1423 2098 1519 2141; x_wconf 86' lang='lat' dir='ltr'>nat.</span> <span class='ocrx_word' id='word_1_235' title='bbox 1551 2096 1680 2153; x_wconf 87' lang='lat' dir='ltr'>prius</span> <span class='ocrx_word' id='word_1_236' title='bbox 1713 2098 1785 2141; x_wconf 89' lang='lat' dir='ltr'>est</span> <span class='ocrx_word' id='word_1_237' title='bbox 1816 2099 1867 2140; x_wconf 86' lang='lat' dir='ltr'>ut</span> 
     </span>
     <span class='ocr_line' id='line_1_27' title="bbox 170 2156 1862 2213; baseline 0.001 -14"><span class='ocrx_word' id='word_1_238' title='bbox 170 2161 196 2199; x_wconf 81' lang='lat' dir='ltr'>S</span> <span class='ocrx_word' id='word_1_239' title='bbox 226 2156 330 2200; x_wconf 91' lang='lat' dir='ltr'>ben.</span> <span class='ocrx_word' id='word_1_240' title='bbox 365 2171 399 2201; x_wconf 89' lang='lat' dir='ltr'>s.</span> <span class='ocrx_word' id='word_1_241' title='bbox 434 2156 478 2200; x_wconf 92' lang='lat' dir='ltr'>d.</span> <span class='ocrx_word' id='word_1_242' title='bbox 509 2158 679 2200; x_wconf 86' lang='lat' dir='ltr'>natura</span> <span class='ocrx_word' id='word_1_243' title='bbox 711 2156 802 2201; x_wconf 85' lang='lat' dir='ltr'>sibi</span> <span class='ocrx_word' id='word_1_244' title='bbox 835 2157 967 2201; x_wconf 86' lang='lat' dir='ltr'>dedit</span> <span class='ocrx_word' id='word_1_245' title='bbox 1007 2159 1177 2200; x_wconf 80' lang='lat' dir='ltr'>natura</span> <span class='ocrx_word' id='word_1_246' title='bbox 1207 2157 1337 2213; x_wconf 87' lang='lat' dir='ltr'>prius</span> <span class='ocrx_word' id='word_1_247' title='bbox 1370 2159 1440 2202; x_wconf 83' lang='lat' dir='ltr'>est</span> <span class='ocrx_word' id='word_1_248' title='bbox 1471 2158 1526 2200; x_wconf 87' lang='lat' dir='ltr'>ut</span> <span class='ocrx_word' id='word_1_249' title='bbox 1558 2160 1588 2199; x_wconf 91' lang='grc'><strong>0</strong></span> <span class='ocrx_word' id='word_1_250' title='bbox 1621 2170 1735 2201; x_wconf 82' lang='lat' dir='ltr'>corr.</span> <span class='ocrx_word' id='word_1_251' title='bbox 1768 2156 1862 2201; x_wconf 83' lang='lat' dir='ltr'>cod.</span> 
     </span>
     <span class='ocr_line' id='line_1_28' title="bbox 170 2215 1864 2272; baseline -0.001 -12"><span class='ocrx_word' id='word_1_252' title='bbox 170 2216 300 2260; x_wconf 78' lang='lat' dir='ltr'>Pinc.</span> <span class='ocrx_word' id='word_1_253' title='bbox 431 2225 454 2259; x_wconf 77' lang='lat'>4</span> <span class='ocrx_word' id='word_1_254' title='bbox 487 2215 568 2272; x_wconf 90' lang='lat' dir='ltr'>qui</span> <span class='ocrx_word' id='word_1_255' title='bbox 601 2222 627 2259; x_wconf 85' lang='lat' dir='ltr'>S</span> <span class='ocrx_word' id='word_1_256' title='bbox 756 2225 779 2260; x_wconf 83' lang='grc'><strong>5</strong></span> <span class='ocrx_word' id='word_1_257' title='bbox 810 2216 953 2260; x_wconf 88' lang='lat' dir='ltr'>refert</span> <span class='ocrx_word' id='word_1_258' title='bbox 981 2216 1043 2259; x_wconf 67' lang='lat'>11¹</span> <span class='ocrx_word' id='word_1_259' title='bbox 1171 2225 1195 2259; x_wconf 75' lang='grc'>6</span> <span class='ocrx_word' id='word_1_260' title='bbox 1227 2215 1324 2260; x_wconf 78' lang='lat' dir='ltr'>filia</span> <span class='ocrx_word' id='word_1_261' title='bbox 1354 2220 1440 2259; x_wconf 79' lang='lat' dir='ltr'>NR</span> <span class='ocrx_word' id='word_1_262' title='bbox 1570 2225 1588 2258; x_wconf 78' lang='grc'><strong>7</strong></span> <span class='ocrx_word' id='word_1_263' title='bbox 1623 2215 1804 2272; x_wconf 82' lang='lat' dir='ltr'>aliquid</span> <span class='ocrx_word' id='word_1_264' title='bbox 1839 2221 1864 2259; x_wconf 82' lang='lat' dir='ltr'>S</span> 
     </span>
    </p>

    <p class='ocr_par' dir='ltr' id='par_1_8' title="bbox 168 2275 1865 2809">
     <span class='ocr_line' id='line_1_29' title="bbox 244 2275 1865 2322; baseline 0.001 -4"><span class='ocrx_word' id='word_1_265' title='bbox 244 2275 435 2319; x_wconf 81' lang='lat' dir='ltr'>dextera.</span> <span class='ocrx_word' id='word_1_266' title='bbox 465 2289 606 2319; x_wconf 87' lang='lat' dir='ltr'>manu</span> <span class='ocrx_word' id='word_1_267' title='bbox 629 2275 692 2318; x_wconf 76' lang='lat' dir='ltr'>N¹</span> <span class='ocrx_word' id='word_1_268' title='bbox 797 2283 820 2318; x_wconf 89' lang='lat'>8</span> <span class='ocrx_word' id='word_1_269' title='bbox 852 2290 908 2320; x_wconf 84' lang='lat' dir='ltr'>ex</span> <span class='ocrx_word' id='word_1_270' title='bbox 937 2277 1072 2322; x_wconf 75' lang='lat' dir='ltr'>Gertz</span> <span class='ocrx_word' id='word_1_271' title='bbox 1105 2277 1152 2319; x_wconf 88' lang='lat' dir='ltr'>et</span> <span class='ocrx_word' id='word_1_272' title='bbox 1182 2280 1222 2318; x_wconf 75' lang='lat' dir='ltr'>N</span> <span class='ocrx_word' id='word_1_273' title='bbox 1255 2290 1282 2320; x_wconf 85' lang='lat' dir='ltr'>a</span> <span class='ocrx_word' id='word_1_274' title='bbox 1316 2281 1342 2319; x_wconf 82' lang='lat'>8</span> <span class='ocrx_word' id='word_1_275' title='bbox 1376 2276 1433 2319; x_wconf 91' lang='lat' dir='ltr'>de</span> <span class='ocrx_word' id='word_1_276' title='bbox 1465 2275 1567 2319; x_wconf 49' lang='lat'>1³²0</span> <span class='ocrx_word' id='word_1_277' title='bbox 1673 2284 1716 2319; x_wconf 87' lang='grc'>11</span> <span class='ocrx_word' id='word_1_278' title='bbox 1747 2279 1865 2319; x_wconf 90' lang='lat' dir='ltr'>tam-</span> 
     </span>
     <span class='ocr_line' id='line_1_30' title="bbox 169 2335 1862 2391; baseline 0 -13"><span class='ocrx_word' id='word_1_279' title='bbox 169 2347 310 2390; x_wconf 88' lang='lat' dir='ltr'>quam</span> <span class='ocrx_word' id='word_1_280' title='bbox 347 2339 380 2377; x_wconf 84' lang='lat' dir='ltr'>V</span> <span class='ocrx_word' id='word_1_281' title='bbox 411 2336 594 2379; x_wconf 82' lang='lat' dir='ltr'>tantum</span> <span class='ocrx_word' id='word_1_282' title='bbox 627 2338 726 2391; x_wconf 89' lang='lat' dir='ltr'>(om.</span> <span class='ocrx_word' id='word_1_283' title='bbox 760 2340 799 2378; x_wconf 72' lang='lat' dir='ltr'>N</span> <span class='ocrx_word' id='word_1_284' title='bbox 831 2337 937 2380; x_wconf 83' lang='lat' dir='ltr'>add.</span> <span class='ocrx_word' id='word_1_285' title='bbox 964 2349 1038 2391; x_wconf 80' lang='lat' dir='ltr'>pr.</span> <span class='ocrx_word' id='word_1_286' title='bbox 1072 2338 1204 2391; x_wconf 82' lang='lat' dir='ltr'>corr.)</span> <span class='ocrx_word' id='word_1_287' title='bbox 1239 2340 1269 2378; x_wconf 90' lang='grc' dir='ltr'><strong>Ο</strong></span> <span class='ocrx_word' id='word_1_288' title='bbox 1398 2350 1441 2391; x_wconf 89' lang='lat' dir='ltr'>q.</span> <span class='ocrx_word' id='word_1_289' title='bbox 1476 2335 1515 2379; x_wconf 89' lang='lat' dir='ltr'>si</span> <span class='ocrx_word' id='word_1_290' title='bbox 1549 2348 1688 2391; x_wconf 88' lang='lat' dir='ltr'>aeger</span> <span class='ocrx_word' id='word_1_291' title='bbox 1721 2339 1789 2378; x_wconf 82' lang='lat' dir='ltr'>os</span> <span class='ocrx_word' id='word_1_292' title='bbox 1822 2335 1862 2378; x_wconf 82' lang='lat' dir='ltr'>si</span> 
     </span>
     <span class='ocr_line' id='line_1_31' title="bbox 169 2394 1864 2453; baseline 0 -15"><span class='ocrx_word' id='word_1_293' title='bbox 169 2395 253 2439; x_wconf 77' lang='lat' dir='ltr'>del.</span> <span class='ocrx_word' id='word_1_294' title='bbox 270 2395 432 2439; x_wconf 85' lang='lat' dir='ltr'>Haase</span> <span class='ocrx_word' id='word_1_295' title='bbox 550 2403 596 2438; x_wconf 91' lang='grc'>12</span> <span class='ocrx_word' id='word_1_296' title='bbox 623 2408 727 2438; x_wconf 89' lang='lat' dir='ltr'>cum</span> <span class='ocrx_word' id='word_1_297' title='bbox 752 2410 835 2440; x_wconf 87' lang='lat' dir='ltr'>om.</span> <span class='ocrx_word' id='word_1_298' title='bbox 864 2400 889 2438; x_wconf 85' lang='lat' dir='ltr'>S</span> <span class='ocrx_word' id='word_1_299' title='bbox 1009 2404 1056 2438; x_wconf 78' lang='lat'>18</span> <span class='ocrx_word' id='word_1_300' title='bbox 1080 2394 1251 2450; x_wconf 89' lang='lat' dir='ltr'>aliquis</span> <span class='ocrx_word' id='word_1_301' title='bbox 1269 2396 1369 2453; x_wconf 72' lang='lat' dir='ltr'>My.</span> <span class='ocrx_word' id='word_1_302' title='bbox 1491 2395 1617 2451; x_wconf 90' lang='lat' dir='ltr'>quod</span> <span class='ocrx_word' id='word_1_303' title='bbox 1643 2410 1670 2443; x_wconf 86' lang='grc' dir='ltr'><em>ς</em></span> <span class='ocrx_word' id='word_1_304' title='bbox 1693 2409 1776 2439; x_wconf 86' lang='lat' dir='ltr'>om.</span> <span class='ocrx_word' id='word_1_305' title='bbox 1796 2398 1864 2437; x_wconf 81' lang='lat'>08</span> 
     </span>
     <span class='ocr_line' id='line_1_32' title="bbox 170 2453 1794 2511; baseline 0.001 -15"><span class='ocrx_word' id='word_1_306' title='bbox 170 2468 289 2507; x_wconf 81' lang='lat' dir='ltr'>cum,</span> <span class='ocrx_word' id='word_1_307' title='bbox 322 2453 404 2497; x_wconf 86' lang='lat' dir='ltr'>alii</span> <span class='ocrx_word' id='word_1_308' title='bbox 429 2454 554 2509; x_wconf 90' lang='lat' dir='ltr'>quod</span> <span class='ocrx_word' id='word_1_309' title='bbox 578 2469 634 2510; x_wconf 90' lang='lat' dir='ltr'>pr</span> <span class='ocrx_word' id='word_1_310' title='bbox 651 2489 662 2509; x_wconf 85' lang='lat'>‚</span> <span class='ocrx_word' id='word_1_311' title='bbox 688 2454 778 2498; x_wconf 84' lang='lat' dir='ltr'>sibi</span> <span class='ocrx_word' id='word_1_312' title='bbox 806 2455 960 2499; x_wconf 74' lang='lat' dir='ltr'>Gund.</span> <span class='ocrx_word' id='word_1_313' title='bbox 1076 2454 1319 2511; x_wconf 83' lang='lat' dir='ltr'>prodesset</span> <span class='ocrx_word' id='word_1_314' title='bbox 1341 2459 1380 2497; x_wconf 74' lang='lat' dir='ltr'>N</span> <span class='ocrx_word' id='word_1_315' title='bbox 1411 2455 1632 2511; x_wconf 88' lang='lat' dir='ltr'>prodesse</span> <span class='ocrx_word' id='word_1_316' title='bbox 1654 2453 1794 2497; x_wconf 76' lang='lat' dir='ltr'><strong>N²OS</strong></span> 
     </span>
     <span class='ocr_line' id='line_1_33' title="bbox 169 2512 1864 2570; baseline 0.001 -15"><span class='ocrx_word' id='word_1_317' title='bbox 169 2522 215 2556; x_wconf 79' lang='lat'>14</span> <span class='ocrx_word' id='word_1_318' title='bbox 248 2512 390 2557; x_wconf 87' lang='lat' dir='ltr'>debet</span> <span class='ocrx_word' id='word_1_319' title='bbox 421 2519 447 2556; x_wconf 82' lang='lat' dir='ltr'>S</span> <span class='ocrx_word' id='word_1_320' title='bbox 553 2522 599 2556; x_wconf 82' lang='grc'>15</span> <span class='ocrx_word' id='word_1_321' title='bbox 631 2515 685 2557; x_wconf 90' lang='lat' dir='ltr'>ut</span> <span class='ocrx_word' id='word_1_322' title='bbox 709 2547 719 2558; x_wconf 94' lang='lat'><strong>.</strong></span> <span class='ocrx_word' id='word_1_323' title='bbox 746 2549 755 2558; x_wconf 92' lang='lat'><strong>.</strong></span> <span class='ocrx_word' id='word_1_324' title='bbox 783 2550 792 2558; x_wconf 88' lang='lat'><em>.</em></span> <span class='ocrx_word' id='word_1_325' title='bbox 818 2513 987 2570; x_wconf 88' lang='lat' dir='ltr'>recipit</span> <span class='ocrx_word' id='word_1_326' title='bbox 1018 2528 1101 2559; x_wconf 88' lang='lat' dir='ltr'>om.</span> <span class='ocrx_word' id='word_1_327' title='bbox 1127 2518 1207 2557; x_wconf 73' lang='lat' dir='ltr'>EG</span> <span class='ocrx_word' id='word_1_328' title='bbox 1310 2522 1357 2556; x_wconf 76' lang='grc'>16</span> <span class='ocrx_word' id='word_1_329' title='bbox 1388 2513 1557 2570; x_wconf 86' lang='lat' dir='ltr'>recipit</span> <span class='ocrx_word' id='word_1_330' title='bbox 1586 2519 1655 2556; x_wconf 71' lang='grc' dir='ltr'>ΡΒ</span> <span class='ocrx_word' id='word_1_331' title='bbox 1686 2514 1864 2569; x_wconf 88' lang='lat' dir='ltr'>recepit</span> 
     </span>
     <span class='ocr_line' id='line_1_34' title="bbox 168 2572 1783 2632; baseline 0.001 -18"><span class='ocrx_word' id='word_1_332' title='bbox 168 2576 254 2614; x_wconf 78' lang='lat' dir='ltr'>NR</span> <span class='ocrx_word' id='word_1_333' title='bbox 375 2572 591 2617; x_wconf 85' lang='lat' dir='ltr'>concedit</span> <span class='ocrx_word' id='word_1_334' title='bbox 623 2573 680 2615; x_wconf 86' lang='lat' dir='ltr'>G¹</span> <span class='ocrx_word' id='word_1_335' title='bbox 800 2582 843 2617; x_wconf 72' lang='lat'>1⁷</span> <span class='ocrx_word' id='word_1_336' title='bbox 878 2573 990 2617; x_wconf 89' lang='lat' dir='ltr'>dum</span> <span class='ocrx_word' id='word_1_337' title='bbox 1021 2587 1106 2618; x_wconf 86' lang='lat' dir='ltr'>om.</span> <span class='ocrx_word' id='word_1_338' title='bbox 1136 2578 1222 2616; x_wconf 74' lang='lat' dir='ltr'>NR</span> <span class='ocrx_word' id='word_1_339' title='bbox 1342 2574 1448 2628; x_wconf 77' lang='lat' dir='ltr'>fort.</span> <span class='ocrx_word' id='word_1_340' title='bbox 1477 2573 1592 2632; x_wconf 79' lang='lat' dir='ltr'>(et)</span> <span class='ocrx_word' id='word_1_341' title='bbox 1626 2572 1783 2617; x_wconf 88' lang='lat' dir='ltr'>reddit</span> 
     </span>
     <span class='ocr_line' id='line_1_35' title="bbox 169 2631 1863 2689; baseline 0 -14"><span class='ocrx_word' id='word_1_342' title='bbox 169 2640 216 2675; x_wconf 88' lang='grc'>18</span> <span class='ocrx_word' id='word_1_343' title='bbox 245 2645 389 2675; x_wconf 86' lang='lat' dir='ltr'>usura</span> <span class='ocrx_word' id='word_1_344' title='bbox 421 2637 447 2675; x_wconf 80' lang='lat' dir='ltr'>S</span> <span class='ocrx_word' id='word_1_345' title='bbox 568 2631 794 2677; x_wconf 89' lang='lat' dir='ltr'>lusorium</span> <span class='ocrx_word' id='word_1_346' title='bbox 825 2640 864 2689; x_wconf 77' lang='lat' dir='ltr'>(s</span> <span class='ocrx_word' id='word_1_347' title='bbox 897 2647 951 2678; x_wconf 79' lang='lat' dir='ltr'>ex</span> <span class='ocrx_word' id='word_1_348' title='bbox 980 2634 1026 2689; x_wconf 88' lang='lat' dir='ltr'>x)</span> <span class='ocrx_word' id='word_1_349' title='bbox 1058 2637 1097 2675; x_wconf 73' lang='lat' dir='ltr'>N</span> <span class='ocrx_word' id='word_1_350' title='bbox 1223 2641 1271 2675; x_wconf 74' lang='grc'>19</span> <span class='ocrx_word' id='word_1_351' title='bbox 1303 2633 1387 2676; x_wconf 89' lang='lat' dir='ltr'>dat</span> <span class='ocrx_word' id='word_1_352' title='bbox 1417 2647 1502 2677; x_wconf 87' lang='lat' dir='ltr'>om.</span> <span class='ocrx_word' id='word_1_353' title='bbox 1534 2633 1596 2675; x_wconf 73' lang='lat' dir='ltr'>Nl</span> <span class='ocrx_word' id='word_1_354' title='bbox 1722 2646 1863 2687; x_wconf 82' lang='lat' dir='ltr'>quam</span> 
     </span>
     <span class='ocr_line' id='line_1_36' title="bbox 171 2690 1863 2748; baseline 0 -14"><span class='ocrx_word' id='word_1_355' title='bbox 171 2690 344 2748; x_wconf 87' lang='lat' dir='ltr'>accipit</span> <span class='ocrx_word' id='word_1_356' title='bbox 376 2697 402 2734; x_wconf 85' lang='lat' dir='ltr'>S</span> <span class='ocrx_word' id='word_1_357' title='bbox 442 2705 582 2746; x_wconf 89' lang='lat' dir='ltr'>quam</span> <span class='ocrx_word' id='word_1_358' title='bbox 615 2692 697 2747; x_wconf 91' lang='lat' dir='ltr'>qui</span> <span class='ocrx_word' id='word_1_359' title='bbox 729 2706 827 2737; x_wconf 84' lang='lat' dir='ltr'>acc.</span> <span class='ocrx_word' id='word_1_360' title='bbox 861 2697 937 2735; x_wconf 76' lang='lat' dir='ltr'>GP</span> <span class='ocrx_word' id='word_1_361' title='bbox 979 2707 1120 2748; x_wconf 83' lang='lat' dir='ltr'>quam</span> <span class='ocrx_word' id='word_1_362' title='bbox 1152 2691 1354 2748; x_wconf 84' lang='lat' dir='ltr'>accipiat</span> <span class='ocrx_word' id='word_1_363' title='bbox 1383 2697 1470 2734; x_wconf 77' lang='lat' dir='ltr'>NR.</span> <span class='ocrx_word' id='word_1_364' title='bbox 1612 2700 1661 2734; x_wconf 87' lang='grc' dir='ltr'>2ο</span> <span class='ocrx_word' id='word_1_365' title='bbox 1691 2691 1863 2735; x_wconf 89' lang='lat' dir='ltr'>habere</span> 
     </span>
     <span class='ocr_line' id='line_1_37' title="bbox 170 2750 1862 2809; baseline 0 -16"><span class='ocrx_word' id='word_1_366' title='bbox 170 2764 263 2794; x_wconf 91' lang='lat' dir='ltr'>non</span> <span class='ocrx_word' id='word_1_367' title='bbox 288 2750 430 2795; x_wconf 88' lang='lat' dir='ltr'>debet</span> <span class='ocrx_word' id='word_1_368' title='bbox 454 2756 480 2793; x_wconf 81' lang='lat' dir='ltr'>S</span> <span class='ocrx_word' id='word_1_369' title='bbox 601 2760 647 2794; x_wconf 83' lang='lat'>21</span> <span class='ocrx_word' id='word_1_370' title='bbox 671 2765 782 2809; x_wconf 89' lang='lat' dir='ltr'>ergo</span> <span class='ocrx_word' id='word_1_371' title='bbox 813 2766 907 2796; x_wconf 90' lang='lat' dir='ltr'>non</span> <span class='ocrx_word' id='word_1_372' title='bbox 937 2751 987 2795; x_wconf 90' lang='lat' dir='ltr'>in</span> <span class='ocrx_word' id='word_1_373' title='bbox 1011 2756 1048 2794; x_wconf 70' lang='lat' dir='ltr'>G</span> <span class='ocrx_word' id='word_1_374' title='bbox 1168 2751 1394 2795; x_wconf 87' lang='lat' dir='ltr'>consistet</span> <span class='ocrx_word' id='word_1_375' title='bbox 1416 2756 1455 2794; x_wconf 79' lang='lat' dir='ltr'>N</span> <span class='ocrx_word' id='word_1_376' title='bbox 1487 2751 1701 2795; x_wconf 88' lang='lat' dir='ltr'>consistit</span> <span class='ocrx_word' id='word_1_377' title='bbox 1722 2750 1862 2793; x_wconf 76' lang='lat' dir='ltr'>N²OS</span> 
     </span>
    </p>

    <p class='ocr_par' dir='ltr' id='par_1_9' title="bbox 171 2809 1868 2988">
     <span class='ocr_line' id='line_1_38' title="bbox 246 2809 1782 2856; baseline 0.001 -4"><span class='ocrx_word' id='word_1_378' title='bbox 246 2818 293 2852; x_wconf 88' lang='grc'>22</span> <span class='ocrx_word' id='word_1_379' title='bbox 325 2809 446 2853; x_wconf 91' lang='lat' dir='ltr'>nihil</span> <span class='ocrx_word' id='word_1_380' title='bbox 475 2809 621 2854; x_wconf 89' lang='lat' dir='ltr'>imum</span> <span class='ocrx_word' id='word_1_381' title='bbox 654 2824 760 2856; x_wconf 87' lang='grc'><strong>8.11.</strong></span> <span class='ocrx_word' id='word_1_382' title='bbox 794 2826 1025 2854; x_wconf 88' lang='lat' dir='ltr'>summum</span> <span class='ocrx_word' id='word_1_383' title='bbox 1049 2825 1132 2855; x_wconf 90' lang='lat' dir='ltr'>om.</span> <span class='ocrx_word' id='word_1_384' title='bbox 1158 2810 1220 2853; x_wconf 72' lang='lat' dir='ltr'>Nl</span> <span class='ocrx_word' id='word_1_385' title='bbox 1332 2819 1380 2854; x_wconf 75' lang='lat'>23</span> <span class='ocrx_word' id='word_1_386' title='bbox 1412 2825 1643 2854; x_wconf 88' lang='lat' dir='ltr'>summum</span> <span class='ocrx_word' id='word_1_387' title='bbox 1675 2812 1721 2854; x_wconf 89' lang='lat' dir='ltr'>et</span> <span class='ocrx_word' id='word_1_388' title='bbox 1748 2815 1782 2852; x_wconf 81' lang='lat' dir='ltr'><strong>G</strong></span> 
     </span>
     <span class='ocr_line' id='line_1_39' title="bbox 171 2869 1868 2931; baseline 0.004 -19"><span class='ocrx_word' id='word_1_389' title='bbox 171 2870 428 2913; x_wconf 85' lang='lat' dir='ltr'>extremum</span> <span class='ocrx_word' id='word_1_390' title='bbox 460 2871 533 2914; x_wconf 87' lang='lat' dir='ltr'>est</span> <span class='ocrx_word' id='word_1_391' title='bbox 564 2872 653 2926; x_wconf 87' lang='lat' dir='ltr'>(est</span> <span class='ocrx_word' id='word_1_392' title='bbox 685 2873 816 2928; x_wconf 82' lang='lat' dir='ltr'>eras.)</span> <span class='ocrx_word' id='word_1_393' title='bbox 847 2886 892 2914; x_wconf 91' lang='lat' dir='ltr'>n.</span> <span class='ocrx_word' id='word_1_394' title='bbox 926 2870 1129 2927; x_wconf 88' lang='lat' dir='ltr'>primum</span> <span class='ocrx_word' id='word_1_395' title='bbox 1161 2869 1252 2930; x_wconf 87' lang='lat' dir='ltr'>(pri</span> <span class='ocrx_word' id='word_1_396' title='bbox 1283 2884 1339 2915; x_wconf 79' lang='lat' dir='ltr'>ex</span> <span class='ocrx_word' id='word_1_397' title='bbox 1369 2871 1488 2929; x_wconf 89' lang='lat' dir='ltr'>sum)</span> <span class='ocrx_word' id='word_1_398' title='bbox 1519 2874 1558 2912; x_wconf 74' lang='lat' dir='ltr'>N</span> <span class='ocrx_word' id='word_1_399' title='bbox 1671 2877 1719 2914; x_wconf 77' lang='grc'>24</span> <span class='ocrx_word' id='word_1_400' title='bbox 1745 2869 1800 2931; x_wconf 74' lang='lat' dir='ltr'>ll]</span> <span class='ocrx_word' id='word_1_401' title='bbox 1814 2869 1868 2929; x_wconf 74' lang='lat' dir='ltr'>ll]</span> 
     </span>
     <span class='ocr_line' id='line_1_40' title="bbox 171 2929 726 2988; baseline 0 -14"><span class='ocrx_word' id='word_1_402' title='bbox 171 2942 266 2988; x_wconf 87' lang='lat' dir='ltr'>seq.</span> <span class='ocrx_word' id='word_1_403' title='bbox 300 2930 399 2986; x_wconf 78' lang='lat' dir='ltr'>(sub</span> <span class='ocrx_word' id='word_1_404' title='bbox 429 2943 521 2973; x_wconf 82' lang='lat' dir='ltr'>ras.</span> <span class='ocrx_word' id='word_1_405' title='bbox 555 2943 610 2972; x_wconf 83' lang='lat' dir='ltr'>ex</span> <span class='ocrx_word' id='word_1_406' title='bbox 621 2929 663 2986; x_wconf 75' lang='grc'>,9)</span> <span class='ocrx_word' id='word_1_407' title='bbox 687 2934 726 2974; x_wconf 74' lang='grc' dir='ltr'><strong>Ν</strong></span> 
     </span>
    </p>
   </div>
  </div>
 </body>
</html>
