2020 3132
413 73 496 120 DE
525 72 861 120 BENEFICIIS
891 73 1004 121 LIB.
1039 72 1099 119 v1
1130 74 1259 122 CAP.
1292 80 1362 122 15.
1396 80 1450 122 16
1555 37 1571 45 ἐ
1675 74 1780 129 157

89 216 198 265 tam
231 212 431 266 secanti
462 211 603 266 viam
641 215 695 265 et
725 213 1079 282 prospicienti
1108 212 1319 266 futuras
1351 216 1696 282 tempestates
1728 216 1783 266 et

89 287 288 340 securis
330 286 580 340 omnibus
624 286 804 340 subito
847 287 1054 340 iubenti
1098 286 1217 340 vela
1254 287 1573 359 substringi,
1616 306 1784 341 arma-

89 365 270 415 menta
299 361 534 429 demitti,
563 365 779 431 paratos
811 361 877 415 ad
909 361 1181 416 incursum
1217 364 1483 431 procellae
1514 367 1568 415 et
1598 381 1783 432 repen-

88 437 260 489 tinum
294 437 535 506 inpetum
569 436 747 489 stare?
796 436 923 490 huic
954 439 1130 490 tamen
1163 440 1344 490 tantae
1374 437 1452 489 rei
1484 438 1781 506 praemium

44 532 64 565 ο
90 515 307 564 vectura
343 510 616 580 persolvit.
667 509 866 573 Quanti
896 511 1146 565 aestimas
1186 512 1244 564 in
1274 511 1566 565 solitudine
1602 511 1780 582 hospi·
1816 525 1840 565 ἰ

89 586 242 654 tium,
281 585 337 638 in
368 585 537 638 imbre
568 587 787 654 tectum,
826 584 884 638 in
915 586 1117 656 frigore
1147 585 1400 639 balneum
1439 589 1533 642 aut
1564 586 1784 657 ignem?

90 660 202 713 scio
242 665 444 727 tamen,
483 660 670 729 quanti
710 660 816 712 ista
846 664 1228 715 consecuturus
1266 660 1631 714 deversorium
1663 661 1785 714 sub-

88 753 220 787 eam.
260 733 528 797 Quantum
554 733 710 787 nobis
736 738 985 806 praestat,
1017 735 1110 804 qui
1133 735 1403 788 labentem
1428 735 1646 790 domum
1671 754 1785 789 sus-

87 809 222 879 cipit
258 813 312 861 et
341 811 589 879 agentem
621 827 684 861 ex
726 810 833 862 imo
865 809 1027 862 rimas
1066 809 1296 863 insulam
1338 809 1640 863 incredibili
1671 813 1784 863 arte

22 906 65 939 io
89 883 388 953 suspendit!
420 887 566 936 certo
590 886 773 936 tamen
805 887 859 936 et
881 884 988 936 levi
1012 884 1187 953 pretio
1219 884 1423 937 fultura
1455 884 1784 937 conducitur.

87 957 276 1011 Murus
313 975 413 1011 nos
451 957 519 1010 ab
551 957 799 1010 hostibus
838 961 985 1011 tutos
1023 962 1078 1011 et
1116 978 1146 1011 a
1178 958 1371 1012 subitis
1402 958 1675 1012 latronum
1706 958 1784 1011 in·
1815 974 1841 1014 8

89 1032 427 1086 cursionibus
459 1035 718 1102 praestat3
759 1036 951 1085 notum
984 1036 1067 1087 est
1096 1036 1293 1102 tamen,
1323 1035 1444 1087 illas
1477 1036 1650 1087 turres
1683 1052 1781 1103 pro

89 1106 375 1160 securitate
419 1106 635 1177 publica
679 1108 1082 1179 propugnacula
1128 1107 1405 1162 habituras
1452 1110 1781 1163 excitaturus

89 1181 240 1235 faber
270 1181 401 1252 quid
431 1182 489 1235 in
519 1181 659 1235 diem
691 1186 907 1236 mereat.

22 1280 63 1313 ιο
162 1255 442 1310 Infinitum
482 1257 606 1325 erit,
645 1256 692 1310 si
723 1256 883 1310 latius
927 1257 1174 1327 exempla
1205 1258 1546 1327 conquiram,
1587 1258 1782 1327 quibus
1811 1274 1832 1312 1
1856 1269 1966 1314 XVI

88 1331 341 1401 adpareat
378 1350 546 1401 parvo
587 1350 783 1402 magna
822 1336 1080 1385 constare.
1145 1330 1283 1395 Quid
1323 1333 1488 1404 ergo?
1536 1351 1699 1402 quare
1732 1336 1786 1386 et

89 1406 298 1460 medico
339 1411 393 1460 et
431 1405 766 1476 praeceptori
805 1406 927 1476 plus
969 1406 1223 1476 quiddam
1266 1407 1433 1461 debeo
1475 1426 1571 1461 nec
1610 1408 1788 1462 adver-

88 1499 180 1533 sus
219 1481 342 1534 illos
383 1481 623 1534 mercede
664 1481 967 1551 defungor?
1022 1480 1160 1545 Quia
1198 1501 1264 1535 ex
1303 1482 1512 1536 medico
1556 1486 1611 1536 et
1641 1501 1788 1552 prae-

90 1559 306 1626 ceptore
331 1556 385 1608 in
410 1555 642 1610 amicum
669 1559 950 1610 transeunt
975 1559 1029 1609 et
1055 1575 1154 1609 nos
1178 1575 1286 1611 non
1313 1560 1441 1627 arte,
1473 1575 1634 1627 quam
1667 1576 1789 1611 ven-

21 1653 68 1687 so
91 1629 241 1699 dunt,
279 1630 533 1702 obligant,
574 1630 665 1684 sed
698 1631 933 1701 benigna
971 1634 1026 1684 et
1057 1630 1308 1686 familiari
1341 1632 1631 1686 voluntate.
1686 1631 1786 1685 Ita·
1819 1650 1846 1687 2

92 1723 195 1775 que
239 1705 470 1774 medicO,
513 1706 557 1758 si
601 1705 740 1759 nihil
783 1705 1014 1775 amplius
1059 1725 1217 1776 quam
1261 1725 1479 1761 manum
1519 1707 1697 1779 tangit
1735 1711 1788 1760 et

91 1797 175 1833 me
207 1779 346 1833 inter
376 1798 483 1849 eos,
522 1798 658 1850 quos
690 1780 1042 1851 perambulat,
1079 1783 1236 1851 ponit
1275 1781 1390 1834 sine
1428 1783 1541 1836 ullo
1575 1782 1788 1836 adfectu

91 1853 333 1908 facienda
372 1859 467 1908 aut
505 1854 723 1908 vitanda
761 1855 1116 1927 praecipiens,
1156 1855 1292 1909 nihil
1332 1856 1561 1927 amplius
1605 1856 1788 1926 debe0,

90 1929 217 1997 quia
248 1947 333 1983 me
364 1947 474 1983 non
505 1933 778 2000 tamquam
813 1931 1043 1984 amicum
1080 1931 1247 2000 videt,
1281 1931 1373 1985 sed
1402 1935 1679 2002 tamquam
1712 1932 1786 1984 in-

21 2025 66 2060 u
92 2006 406 2072 peratorem.
446 2003 530 2057 Ne
554 2010 955 2075 praeceptorem
982 2005 1197 2075 quidem
1229 2006 1402 2060 habeo
1437 2024 1531 2061 cur
1554 2025 1788 2076 venerer,
1822 2023 1847 2061 3

91 2077 134 2130 si
169 2095 253 2131 me
286 2078 340 2131 in
371 2096 535 2150 grege
567 2079 953 2149 discipulorum
984 2079 1191 2151 habuit,
1229 2080 1272 2133 si
1314 2100 1423 2134 non
1462 2082 1676 2152 putavit
1714 2081 1788 2134 di-

165 2264 183 2299 ι
218 2256 431 2313 sequenti
463 2261 500 2301 G
596 2259 855 2315 potestates
888 2261 962 2315 (ex
991 2259 1099 2314 -tis;
1131 2260 1183 2303 in
1213 2274 1299 2318 my.
1333 2261 1636 2317 tempestates
1667 2262 1789 2315 m.2)

90 2319 128 2359 Ι
160 2317 467 2373 tempestates
498 2318 758 2374 potestates
788 2322 828 2361 B
955 2327 978 2363 s
1010 2318 1118 2364 uela
1150 2319 1317 2377 stringi
1351 2324 1427 2363 GP
1555 2328 1579 2362 8
1612 2319 1789 2363 dimitti

91 2378 215 2419 BGP
364 2386 386 2419 4
420 2377 623 2434 pretinm
656 2392 683 2427 ς
834 2387 858 2422 6
889 2378 1075 2423 uictura
1103 2382 1228 2423 BGP
1361 2378 1608 2423 soluudine
1640 2379 1702 2423 Νι

94 2443 113 2478 7
147 2435 328 2480 deuers.
360 2440 398 2479 1!
432 2436 601 2481 diuers.
635 2436 739 2481 1¹²0
874 2445 900 2482 8
931 2437 1128 2496 suspicit
1157 2443 1238 2483 BP
1373 2447 1419 2483 1⁰
1451 2438 1610 2483 futura
1640 2438 1702 2482 11¹

91 2494 370 2540 subducitur
393 2500 428 2540 Θ
531 2504 576 2540 n
608 2494 716 2541 illas
749 2499 910 2555 turpes
934 2502 1015 2542 BP
1119 2506 1165 2542 14
1196 2511 1377 2544 merear
1402 2502 1437 2542 G
1539 2506 1586 2543 ιο
1616 2511 1790 2557 magno

90 2557 180 2598 18
299 2569 444 2613 quare
477 2569 568 2601 non
601 2556 721 2601 med.
756 2561 792 2601 G
919 2566 967 2602 18
998 2558 1047 2602 et
1076 2557 1140 2601 11¹
1169 2571 1253 2604 om.
1286 2562 1325 2601 N
1357 2572 1412 2603 ac
1445 2562 1476 2602 0
1598 2565 1645 2602 1⁹
1677 2558 1791 2603 ami·

90 2628 190 2659 com
224 2615 285 2658 Ι·
436 2624 479 2660 8¹
513 2615 719 2662 medicos
758 2615 904 2662 nichil
937 2621 976 2661 Π
1017 2617 1224 2662 medicus
1255 2617 1374 2662 nihil
1404 2617 1508 2662 11³0
1540 2631 1652 2664 corr.
1679 2618 1790 2677 Lps.

164 2682 214 2718 α
257 2678 341 2719 aut
384 2690 426 2719 u.
473 2675 677 2732 (uitanta
714 2677 792 2733 1¹)
833 2681 920 2720 ΠΒ
965 2677 1225 2723 uitandaue
1268 2682 1341 2735 (ex
1382 2678 1494 2723 -nde
1528 2679 1579 2735 G)
1613 2682 1688 2722 GP

90 2741 138 2779 u
169 2733 295 2779 uidit
326 2738 404 2779 GP
524 2735 656 2795 imp.]
689 2749 788 2793 exp.
821 2742 861 2782 et
893 2738 1204 2805 spectatorem
1236 2751 1292 2783 ss.
1328 2751 1383 2782 m.
1407 2752 1493 2784 rec.
1518 2738 1569 2782 in
1600 2742 1634 2781 P
1665 2752 1790 2796 emp-

90 2795 237 2839 torem
267 2808 303 2841 s.
337 2795 648 2840 invocatorem
666 2795 799 2841 Pinc.
833 2810 1010 2842 amicus
1035 2812 1076 2842 v.
1101 2812 1135 2843 s.
1163 2799 1195 2842 t.
1229 2796 1485 2855 imperator
1502 2797 1617 2843 Mrt.
1650 2797 1792 2842 inter-

90 2851 365 2911 pellatorem
400 2855 500 2914 My.
531 2854 839 2913 imperantem
877 2856 1037 2912 (ἰθέῃ
1068 2863 1166 2903 erat
1197 2872 1299 2903 cum
1330 2858 1605 2903 coniciebant
1637 2856 1791 2915 paria-

90 2916 237 2959 torsm
364 2922 414 2958 ’ὅ
445 2927 531 2959 nec
564 2918 598 2958 0
