2020 3132
731 97 1076 143 PRAEFATIO
1689 98 1752 143 XI

123 241 286 290 Codex
318 239 612 305 Baginensis
646 241 789 288 1529
815 232 915 306 (R)
940 240 1138 289 saeculo
1162 234 1299 304 IXJX
1331 240 1578 301 scriptura
1603 238 1750 288 Caro·
1776 237 1814 276 Β

52 316 237 381 lingica
261 318 494 364 exaratus
516 316 618 364 107
644 313 836 363 moduli
853 314 1058 363 maximi
1073 314 1208 363 foliis
1232 314 1622 363 membranaceis
1646 330 1752 363 ver-

51 408 194 441 suum
228 391 322 452 28,
363 389 544 452 quibus
584 391 755 439 assuta
793 390 911 437 sunt
944 390 1010 436 27
1045 389 1169 437 folia
1201 389 1478 450 chartacea,
1509 388 1663 437 libros
1695 388 1754 436 de

52 465 301 514 beneficiis
325 466 375 513 et
407 464 469 513 de
500 464 765 513 clementia
796 464 1032 512 continet.
1071 463 1280 511 Librum
1303 479 1334 511 a
1357 480 1436 512 me
1458 465 1665 528 rogatus
1690 462 1723 511 J
1725 480 1754 513 ο

53 540 279 589 Graeven
312 555 443 588 anno
474 539 615 588 1898
642 538 910 602 diligenter
941 538 1236 599 contulerat,
1263 554 1374 587 cum
1397 538 1653 587 Rossbach
1676 553 1754 587 co-

54 615 177 664 dicis
209 630 357 678 quem
389 614 494 677 ipse
526 612 780 662 detexerat
811 612 1049 662 lectiones
1075 629 1187 661 cum
1212 613 1422 675 reliquis
1445 613 1571 661 mihi
1594 614 1754 661 trans-

52 690 202 739 misit.
234 688 315 737 Ad
330 689 421 738 has
438 687 728 737 collationes
746 690 803 735 ut
819 687 1009 736 Buckio
1026 687 1102 736 ita
1114 688 1238 736 mihi
1255 688 1307 736 in
1324 688 1416 736 hac
1435 687 1653 736 editione
1671 687 1756 736 ab·

53 763 293 814 solvenda
315 764 706 826 supervenerunt
735 762 979 827 imagines
1011 762 1150 812 illius
1181 762 1299 811 libri
1330 762 1756 826 photographicac

53 855 85 887 a
109 837 496 887 Gundermanno
522 836 869 886 liberalissime
902 837 1268 901 suppeditatae‚
1292 853 1435 900 quae,
1460 836 1579 885 dum
1603 853 1756 901 appa-

54 917 220 963 ratum
259 912 487 961 criticum
525 927 824 977 recognosco
864 914 914 960 et
953 912 1211 961 schedulas
1250 913 1389 975 prelo
1430 911 1644 961 traditas
1678 929 1757 960 ex-

54 990 243 1048 amin0‚
281 1003 384 1036 una
421 1002 534 1035 cum
565 986 837 1036 Nazariani
868 1003 1064 1049 semper
1093 990 1238 1036 erant
1270 987 1580 1035 admanum.
1644 987 1756 1035 Duo

54 1065 354 1114 correctores
385 1055 507 1129 (3²)
538 1078 635 1110 non
668 1063 743 1110 ita
775 1062 934 1111 multo
958 1064 1073 1125 post
1096 1063 1270 1125 paucis
1295 1061 1417 1111 locis
1440 1078 1642 1111 munere
1667 1078 1756 1111 suo

54 1137 215 1187 functi
247 1140 377 1186 sunt.

132 1212 296 1262 Codex
320 1210 745 1275 Guelferbytanus
769 1227 901 1261 nunc
919 1213 1080 1273 4579,
1106 1213 1254 1261 antea
1281 1213 1388 1261 274
1414 1204 1566 1280 (Gud.
1591 1212 1680 1260 lat.
1700 1204 1756 1277 8)

58 1281 159 1356 (G)
190 1302 315 1336 saec.
347 1286 446 1335 XII
475 1286 681 1337 membr.
711 1288 814 1336 153
847 1287 984 1336 foliis
1008 1302 1244 1336 versuum
1269 1289 1337 1336 22
1365 1288 1496 1337 solos
1518 1286 1673 1336 libros
1698 1287 1758 1335 de
1784 1283 1819 1322 G

55 1362 306 1412 beneficiis
338 1355 624 1428 continet.¹)
689 1360 890 1410 Contuli
921 1363 1044 1425 ipse.

132 1437 296 1487 Codex
327 1437 637 1486 Monacensis
674 1437 763 1485 lat.
791 1438 935 1485 2544
970 1430 1075 1504 (M)
1116 1452 1240 1487 saec.
1273 1433 1525 1504 XIIJXIII
1556 1437 1760 1485 membr.
1785 1435 1830 1473 Μ

57 1512 141 1561 fol.
171 1514 274 1561 165
308 1526 541 1560 versuum
567 1514 651 1560 27.
700 1512 759 1559 In
784 1512 868 1561 fol.
898 1513 956 1560 1¹⁵
985 1511 1172 1576 legitur
1200 1511 1346 1562 Laus
1370 1513 1457 1561 tibi
1481 1512 1654 1561 christe
1677 1513 1762 1573 qui

58 1602 108 1636 cs
138 1590 327 1636 creator
358 1589 402 1635 et
430 1586 700 1648 redemptor
732 1602 847 1650 eqs.‚
879 1586 932 1634 in
964 1587 1076 1635 folii
1105 1587 1162 1635 1⁸
1184 1588 1371 1652 pagina
1395 1587 1578 1636 altera:
1608 1587 1762 1636 Liber

55 1674 132 1729 s‘ce
153 1676 364 1735 Marici
387 1676 674 1738 alderspach
701 1670 708 1741 Ι
736 1677 999 1738 Exposicio
1023 1676 1160 1725 Bede
1181 1691 1331 1738 super
1347 1676 1607 1726 EZDRA.
1657 1677 1760 1725 Ex-

46 1753 235 1816 posit-io
266 1751 481 1837 eiusdem
511 1766 660 1813 super
688 1751 890 1801 Tobiam
917 1744 922 1819 Ι
951 1751 1098 1800 Libri
1130 1752 1267 1800 IIII
1289 1751 1464 1801 Senece
1495 1752 1553 1801 de
1585 1753 1762 1813 officiis

55 1857 254 1908 EPLE
273 1857 377 1906 eide
401 1857 468 1906 ad
489 1855 758 1905 LVCILI
763 1856 878 1906 VM.
925 1856 1111 1920 Incipit
1140 1855 1270 1905 liber
1293 1856 1351 1905 de
1383 1856 1634 1906 beneficiis
1660 1858 1762 1918 aut,

57 1935 115 1982 ut
143 1932 227 1982 hic
257 1931 455 1992 dicitur,
486 1931 545 1980 dc
575 1932 758 1992 officiis
787 1931 872 1980 fol.
901 1932 1023 1994 113,
1055 1931 1239 1980 desinit
1268 1932 1352 1981 fol.
1383 1932 1486 1981 155
1520 1932 1573 1980 in
1597 1931 1760 1981 verbis

56 2011 125 2057 est
146 2008 254 2056 wita
277 2000 374 2074 (IV
393 2009 480 2068 22,
499 1999 573 2073 3),
598 2005 777 2055 deinde
800 2006 1056 2067 Incipiunt
1078 2007 1314 2068 epistulae
1328 2006 1503 2056 Senece
1526 2007 1644 2056 lucii
1660 2021 1761 2056 cor-

56 2082 286 2132 dubensis
308 2081 376 2131 ad
398 2081 665 2131 Lucilium.
712 2080 853 2130 Libri
877 2083 957 2130 sat
980 2081 1185 2144 pulchre
1208 2081 1508 2145 usitatisque
1533 2097 1760 2146 compen-

57 2156 156 2206 diis
180 2157 357 2220 scripti
377 2156 614 2205 lectiones
636 2155 825 2219 publici
847 2156 973 2205 iuris
997 2156 1118 2206 fecit
1133 2155 1419 2205 AWeidner
1442 2158 1494 2206 in
1511 2157 1763 2222 gymnasii

59 2230 297 2280 Friderici
313 2229 552 2280 Guilelmi
569 2229 877 2280 Coloniensis
903 2232 1022 2280 anni
1049 2232 1191 2281 1864
1217 2234 1604 2298 programmate,
1629 2230 1763 2295 quod

58 2307 356 2370 inscriptum
396 2309 472 2355 est
506 2305 803 2356 Ortticarum
839 2308 1159 2368 scriptionum
1188 2309 1450 2370 specimen3
1489 2307 1650 2357 denuo
1683 2323 1760 2356 ex-

57 2396 189 2431 cussi
221 2397 343 2445 ipse.

132 2455 297 2506 Codex
315 2455 572 2505 Parisinus
588 2454 918 2506 bibliothecae
934 2458 1101 2522 regiae
1119 2457 1206 2507 lat.
1220 2458 1362 2506 6382
1384 2450 1475 2525 (P)
1493 2473 1618 2507 saec.
1636 2446 1762 2506 XIII
1787 2455 1820 2494 P

58 2531 260 2581 membr.
285 2531 474 2580 formae
500 2533 707 2579 octavae
731 2530 934 2581 maioris
965 2532 1100 2581 foliis
1131 2532 1233 2581 115
1261 2548 1492 2582 versuum
1522 2532 1590 2581 28
1609 2532 1762 2582 libros

57 2605 118 2655 de
149 2605 400 2655 beneficiis
432 2609 481 2655 et
513 2604 571 2653 de
604 2605 868 2655 clementia
900 2606 1134 2657 continet.
1186 2606 1386 2656 Contuli
1417 2608 1537 2671 ipse.

132 2679 295 2731 Codex
312 2680 573 2730 Parisinus
590 2680 676 2729 lat.
700 2681 765 2730 16
780 2681 884 2731 592
902 2673 998 2750 (=
1018 2681 1156 2731 Sorb.
1176 2675 1343 2749 1586)
1364 2675 1449 2750 (S)
1468 2698 1506 2732 s.
1523 2675 1764 2749 XIIsXIII
1789 2681 1815 2719 Β

56 2755 260 2805 membr.
287 2756 319 2804 8
353 2755 615 2820 permultis
647 2754 953 2819 compendiis
986 2758 1201 2821 scriptus
1234 2756 1371 2807 foliis
1400 2757 1504 2807 108
1530 2756 1763 2806 binarum

135 2884 177 2940 1)
207 2881 295 2928 vd.
329 2881 708 2928 OvHeinemann
753 2884 847 2929 Die
888 2882 1256 2939 Handschristen
1300 2884 1381 2930 der
1426 2883 1657 2943 Herzoyl.'
1679 2886 1761 2931 Ba·-

56 2941 249 2993 bliothok
277 2955 338 2990 no
362 2942 699 3005 Wolfenbattel.
731 2947 772 2989 4.
792 2944 897 2995 ΛΜ,
924 2942 1270 2995 Wolfonbflttel
1306 2948 1419 2988 1913
1452 2958 1496 3010 p.
1525 2949 1626 2994 226.
