2020 3132
486 42 568 87 DE
598 41 934 88 BENEFICIIS
964 43 1076 88 LIB.
1107 42 1171 87 VI
1204 43 1332 88 GAP.
1368 49 1407 90 7.
1440 49 1467 89 8
1715 44 1826 98 7151

130 183 218 233 tos
242 181 393 234 aestu
415 180 722 233 laborantae
743 198 1017 233 ramorum
1034 180 1274 250 opacitas
1291 181 1450 234 texit!
1486 180 1625 244 Quid
1649 184 1829 235 autem
1861 195 1889 235 4

132 255 376 323 interest,
406 258 587 307 utrum
619 253 769 323 mihi,
801 255 895 324 qui
924 255 1119 324 nescit,
1149 256 1436 326 profuerit,
1468 275 1537 309 an
1570 256 1662 326 qui
1694 256 1830 310 scire

130 348 242 383 non
278 330 480 399 potuit,
518 346 639 382 cum
671 330 885 399 utrique
917 331 1053 384 velle
1095 330 1365 384 defuerit?
1421 329 1560 394 Quid
1591 332 1830 399 interest,

130 407 311 457 utrum
343 422 428 456 me
459 403 644 457 iubeas
683 404 807 457 navi
848 407 941 457 aut
972 404 1220 459 vehiculo
1265 408 1358 458 aut
1388 407 1606 459 lanceae
1639 406 1829 459 debere

85 501 105 534 ι
131 478 448 532 beneficium
481 497 551 531 an
580 478 645 546 ei,
677 479 771 548 qui
802 497 968 548 aeque
1000 497 1162 548 quam
1194 479 1299 533 ista
1320 479 1659 550 propositum
1693 480 1830 533 bene

129 553 359 606 faciendi
390 555 600 607 nullum
631 552 836 622 habuit,
868 553 962 606 sed
993 554 1199 624 profuit
1231 555 1393 608 casu?

202 628 530 682 Beneficium
562 627 757 697 aliquis
780 628 1023 682 nesciens
1047 630 1258 699 accipit,
1287 647 1446 683 nemo
1480 649 1511 682 a
1541 629 1828 684 nesciente.
1855 641 1876 680 1
1904 635 2008 679 VllI

129 702 411 766 Quomodo
444 702 644 756 multos
675 702 900 756 fortuita
931 707 1123 756 sanant
1152 722 1250 757 nec
1282 705 1402 757 ideo
1435 704 1671 758 remedia
1701 707 1828 757 sunt

127 781 183 830 et
213 778 266 829 in
293 777 493 830 flumen
523 776 728 846 aliquoi
760 777 1015 830 cecidisse
1046 779 1249 849 frigore
1274 798 1471 851 magno
1498 797 1659 832 causa
1691 779 1828 832 sani-

59 876 104 908 ιο
128 852 256 905 tatis
294 851 420 917 fuit,
460 852 730 921 quomodo
771 853 1106 921 quorundam
1149 854 1378 924 flagellis
1422 857 1684 923 quartana
1727 854 1830 907 dis-

126 945 281 980 cussa
312 931 394 979 est
433 930 487 979 et
518 930 693 979 metus
733 927 1045 996 repentinus
1078 927 1318 982 animum
1362 929 1419 982 in
1451 927 1611 981 aliam
1643 946 1827 982 curam

126 1001 415 1054 avertendo
456 1004 732 1070 suspectas
771 1002 932 1055 horas
981 1003 1176 1055 fefellit
1221 1021 1320 1056 nec
1367 1002 1486 1056 ideo
1536 1003 1824 1072 quicquam

126 1075 335 1145 horum,
365 1075 527 1129 etiam
562 1075 607 1129 si
640 1076 802 1129 saluti
832 1075 953 1145 fuit,
985 1078 1219 1131 salutare
1245 1081 1342 1146 est,
1375 1079 1450 1131 sic
1483 1078 1700 1147 quidam
1732 1096 1826 1131 no-

126 1150 211 1203 bis
242 1154 483 1221 prosunt,
517 1150 643 1204 dum
675 1152 882 1219 nolunt,
914 1151 1079 1205 immo
1106 1152 1231 1221 quia
1255 1152 1472 1221 nolunt3
1504 1171 1614 1206 non
1646 1156 1827 1207 tamen

60 1251 102 1282 ιε»
128 1225 245 1278 ideo
280 1226 390 1279 illis
423 1225 739 1279 beneficium
773 1225 1051 1294 debemm,
1092 1227 1235 1295 quod
1275 1227 1575 1296 perniciosa
1606 1227 1826 1281 illorum

126 1300 351 1354 consilia
381 1299 599 1352 fortuna
632 1299 848 1353 deflexit
880 1300 936 1354 in
968 1300 1176 1354 melius,
1216 1301 1305 1355 An
1329 1302 1606 1355 existimas
1631 1321 1717 1355 me
1741 1302 1827 1355 de-
1860 1318 1885 1356 2

125 1374 250 1428 bere
289 1375 339 1427 ei
371 1375 681 1445 quicquam,
721 1376 874 1428 cuius
915 1394 1128 1441 manus,
1168 1395 1290 1430 cum
1324 1395 1408 1429 me
1440 1379 1670 1447 peteret,
1708 1395 1826 1446 per—

125 1450 295 1503 cussit
317 1449 529 1503 hostem
554 1468 747 1518 meum,
781 1452 874 1519 qui
898 1451 1184 1519 nocuisset,
1216 1452 1322 1505 nisi
1347 1452 1614 1505 errasset?
1655 1449 1828 1520 Saepe

125 1524 299 1593 testie,
336 1524 463 1577 dum
497 1528 678 1594 aperte
711 1526 934 1594 peierat,
974 1526 1138 1579 etiam
1170 1526 1310 1580 veris
1342 1527 1572 1580 testibus
1606 1525 1827 1598 abroga-

62 1623 106 1656 ιο
132 1599 210 1652 vit
240 1599 402 1653 fidem
434 1602 490 1651 et
520 1617 670 1652 reum
704 1601 851 1652 velut
890 1600 1123 1654 factione
1156 1601 1578 1654 circumventum
1613 1602 1827 1654 misera-

130 1674 292 1727 bilem
325 1674 568 1727 reddidit.
625 1674 894 1737 Quosdam
929 1675 1058 1745 ipsa,
1092 1695 1228 1745 quae
1260 1677 1551 1745 premebat,
1583 1675 1828 1746 potentia
1861 1691 1885 1730 3

125 1749 338 1819 eripuit,
377 1752 432 1801 et
465 1748 681 1817 iudiceS,
722 1768 877 1819 quem
913 1750 1218 1803 damnaturi
1252 1754 1405 1803 erant
1437 1769 1642 1821 causae,
1683 1751 1826 1803 dam-

125 1842 253 1877 nare
291 1823 498 1895 gratiae
536 1823 840 1877 noluerunt.
896 1824 1022 1878 Non
1063 1828 1244 1879 tamen
1283 1826 1337 1878 hi
1381 1826 1701 1879 beneficium
1733 1844 1825 1879 reo

125 1897 400 1967 dederunt,
433 1899 678 1968 quamvis
710 1900 1028 1969 profuerint,
1069 1901 1224 1969 quia‚‘
1253 1919 1360 1971 quo
1394 1900 1619 1955 missum
1651 1901 1723 1953 sit
1755 1904 1826 1953 te-

41 1996 102 2042 ‚23
127 1973 256 2041 lum,
286 1991 396 2026 non
428 1991 535 2042 quo
561 1975 878 2043 pervenerit,
910 1975 1200 2044 quaeritur,
1232 1979 1287 2028 ct
1310 1975 1628 2029 beneficium
1655 1975 1721 2028 ab
1748 1976 1827 2028 in-

129 2047 268 2100 iuria
305 2047 592 2117 distinguit
638 2067 744 2101 nou
793 2052 1015 2102 eventus
1055 2049 1146 2102 sed
1187 2050 1412 2103 animus.
1469 2049 1826 2104 Adversarius
1860 2066 1886 2104 4
1959 2077 1972 2091 ·

129 2140 294 2188 meus,
332 2121 458 2174 «lum
492 2123 760 2176 contraria
792 2123 923 2176 dicit
960 2127 1015 2177 et
1048 2124 1277 2177 iudicem
1319 2125 1572 2195 superbia
1603 2125 1826 2178 offendit

128 2200 183 2250 et
215 2197 270 2250 in
301 2215 467 2250 unum
500 2200 692 2251 testem
731 2202 930 2251 temere
960 2216 1070 2252 rem
1102 2198 1357 2268 demittit,
1398 2218 1610 2253 causam
1654 2217 1826 2253 meam

200 2353 224 2388 2
256 2345 426 2389 nesciit
458 2345 594 2390 Gertz
724 2354 749 2388 8
781 2345 944 2403 utique
977 2350 1015 2389 Π
1047 2360 1160 2392 corr.
1194 2361 1249 2391 m.
1283 2348 1382 2392 ead.
1506 2347 1588 2404 qui
1620 2351 1657 2390 N
1668 2347 1681 2372 ¹
1713 2346 1826 2404 quid

128 2407 283 2450 autem
317 2404 399 2448 int.
434 2409 467 2448 Ρ
609 2414 632 2447 5
664 2405 870 2463 positum
902 2406 959 2449 0¹
1103 2415 1126 2449 8
1159 2408 1281 2461 sunt,
1313 2408 1367 2450 ut
1398 2407 1580 2465 Siesbye
1612 2409 1715 2451 et..
1738 2407 1830 2451 fuit

123 2470 225 2522 post
258 2464 370 2509 disc.
404 2466 477 2509 est
493 2465 724 2510 Rossbach
814 2474 839 2508 ο
872 2464 1032 2521 aliquo
1056 2466 1155 2522 (sic)
1180 2470 1219 2509 N
1251 2465 1393 2510 alicui
1419 2466 1522 2510 15²0
1614 2475 1655 2510 ιι
1682 2466 1827 2510 alium

127 2524 186 2567 8¹
293 2533 339 2567 18
370 2525 437 2569 sic
467 2538 525 2570 ex
555 2524 594 2568 si
626 2538 741 2570 corr.
764 2528 803 2567 N
910 2533 956 2569 18
986 2525 1193 2571 novisset
1225 2526 1281 2569 0¹
1388 2535 1434 2569 10
1466 2525 1615 2570 hostis
1650 2530 1680 2569 0
1712 2539 1825 2572 corr.

132 2584 349 2642 Aqricola
484 2583 691 2641 perierat
722 2588 754 2628 0
786 2598 900 2630 corr.
932 2602 968 2629 ω
1120 2594 1168 2629 82
1202 2585 1390 2643 erupuit
1421 2586 1481 2629 11¹
1618 2599 1761 2631 causa
1793 2590 1828 2629 Ο

127 2646 239 2701 (non
271 2648 320 2699 Ρ)
455 2653 505 2687 aa
536 2643 692 2701 gratia
723 2648 800 2688 ΟΡ
937 2658 1013 2689 reo
1049 2643 1153 2689 ben.
1188 2649 1263 2689 ΟΡ
1406 2653 1452 2688 2⁴
1486 2646 1763 2703 prosuerunt
1793 2649 1829 2690 Ο

202 2702 347 2747 telum
381 2710 488 2749 ante
517 2717 611 2759 quo
645 2719 703 2748 m.
738 2708 813 2747 ΟΡ
934 2712 983 2748 25
1016 2703 1233 2761 peruenit
1265 2709 1295 2748 0
1328 2719 1444 2751 corr.
1478 2723 1513 2749 ω
1636 2714 1684 2749 28
1717 2707 1825 2750 tem.

130 2764 298 2822 (tem)
334 2764 432 2822 My.
481 2763 666 2808 demere
698 2767 784 2807 ΠΒ
829 2766 1005 2808 temere
1038 2768 1115 2807 ΟΡ
1161 2764 1219 2809 de
1259 2778 1332 2809 me
1374 2779 1467 2808 rem
1504 2765 1731 2822 Ruhkopf
1770 2765 1828 2809 de

129 2835 204 2867 me
234 2835 313 2867 reo
348 2823 503 2869 (ἔκηα.
638 2822 840 2868 dimittit
869 2827 951 2867 BP
982 2823 1180 2869 dimicat
1212 2830 1247 2868 Ο
1379 2838 1523 2869 causa
1554 2829 1591 2868 B
1723 2838 1828 2869 mea

129 2884 216 2926 ,Β
246 2884 280 2927 t.
311 2882 357 2927 d.
389 2895 594 2938 causam,
626 2895 731 2929 mea
761 2883 867 2929 diet.
894 2884 1024 2930 Buck
