2020 3132
220 868 244 907 3

284 121 389 174 112
819 120 868 163 L.
900 118 1136 163 ANNAEI
1168 118 1440 163 SENECAE

281 257 404 326 erit,
447 258 556 309 non
598 257 934 325 conmittam,
978 255 1426 325 quemadmodum
1459 254 1736 307 Maecenas
1777 253 1871 322 ait,
1914 257 1975 305 ut

283 331 530 384 sestertio
565 331 762 383 centies
795 330 1109 400 obiurgatus
1142 330 1258 382 sim.
1311 328 1459 382 Inter
1497 347 1552 382 se
1592 328 1733 382 enim
1771 331 1974 380 utrum-

281 424 385 476 que
418 405 742 474 conparabo:
785 408 864 457 est
895 404 1100 474 aliquid
1131 405 1186 457 in
1219 422 1298 474 e0,
1330 404 1473 472 quod
1504 403 1828 472 promiseris,
1859 421 1974 472 per-

279 498 541 551 severare,
582 483 663 532 est
701 497 887 532 rursus
926 480 1156 531 multum
1196 479 1252 531 in
1293 497 1377 543 eo,
1417 497 1483 531 ne
1523 479 1745 547 indigno
1779 477 1974 529 benefi-

279 555 421 608 cium
455 555 566 624 des3
598 554 702 606 hoc
725 557 906 606 tamen
931 556 1190 621 quantum
1223 553 1340 606 est‘?
1380 552 1425 605 si
1456 554 1589 618 leve,
1620 552 1975 620 coniveamuS,

279 629 473 682 sivero
498 647 695 699 magno
728 628 862 681 mihi
895 631 987 680 aut
1020 628 1339 681 detrimento
1374 631 1466 679 aut
1496 627 1680 680 rubori
1713 627 1971 690 futurum,

278 705 421 756 malo
467 703 632 756 semel
672 721 943 767 excusare,
985 721 1148 771 quare
1187 701 1516 772 negaverim,
1556 720 1714 771 quam
1750 718 1973 770 semper,

279 797 443 847 quare
476 778 723 830 dederim.
781 777 1003 844 Totum,
1035 779 1278 845 inquam,
1310 778 1365 829 in
1399 794 1460 829 eo
1495 779 1600 844 est,
1632 777 1820 845 quanti
1852 793 1973 844 pro-

277 853 428 906 missi
466 852 573 906 mei
612 852 775 904 verba
822 855 1087 904 taxentur.
1142 850 1263 904 Non
1311 854 1545 919 tantum,
1590 850 1734 919 quod
1775 853 1974 902 temere

277 927 523 998 promisi,
562 927 830 995 retineb0,
870 926 984 994 sed,
1024 926 1168 995 quod
1206 944 1316 978 non
1359 929 1500 978 recte
1534 925 1678 995 dedi,
1714 927 1973 993 repetam,
1999 949 2015 979 1

279 1003 494 1055 demens
529 1004 623 1071 est,
657 1001 748 1070 qui
780 1001 941 1054 fidem
972 1003 1211 1070 praestat
1245 1000 1425 1053 errori.

101 1082 318 1127 XXXVII
347 1088 364 1125 1
446 1077 731 1146 Philippus
765 1075 1115 1128 Macedonum
1148 1093 1243 1127 rex
1280 1075 1516 1127 habebat
1553 1074 1780 1126 militem
1813 1090 1972 1124 manu

221 1914 245 1952 2

278 1152 498 1219 fortem,
537 1151 687 1203 cuius
727 1151 783 1203 in
814 1149 1001 1203 multis
1035 1149 1466 1218 expeditionibus
1504 1148 1691 1201 utilem
1726 1150 1973 1216 expertus

279 1244 496 1295 operam
521 1225 744 1278 subinde
770 1244 835 1277 ex
858 1224 1055 1293 praeda
1080 1223 1281 1292 aliquid
1306 1223 1389 1276 illi
1405 1222 1621 1276 virtutis
1641 1241 1798 1276 causa
1817 1222 1974 1274 dona-

278 1303 427 1355 verat
460 1303 513 1352 et
545 1300 819 1353 hominem
851 1298 1053 1352 venalis
1086 1299 1293 1351 animae
1327 1297 1526 1351 crebris
1559 1296 1974 1350 auctoramentis
2001 1321 2014 1352 1

279 1374 615 1428 accendebat.
669 1374 775 1427 Hic
821 1374 1115 1442 naufragus
1169 1374 1227 1426 in
1272 1372 1639 1442 possessiones
1698 1371 1971 1424 cuiusdam

278 1449 587 1502 Macedonis
621 1449 874 1518 expulsus
908 1452 1010 1519 est3
1058 1447 1201 1516 quod
1241 1451 1302 1499 ut
1342 1448 1649 1499 nuntiatum
1684 1449 1786 1514 est,
1826 1463 1972 1497 accu-

280 1524 468 1594 currit,
509 1524 758 1592 spiritum
799 1523 911 1576 eius
951 1522 1254 1593 recollegit,
1294 1522 1349 1574 in
1391 1522 1574 1575 villam
1619 1521 1772 1574 illum
1819 1538 1970 1572 suam

279 1599 578 1668 transtulit,
615 1598 815 1651 lectulo
851 1615 946 1650 suo
981 1598 1160 1668 cessit,
1200 1597 1467 1650 adfectum
1500 1595 1971 1664 semianimemque

278 1673 559 1740 recreavit,
609 1673 796 1726 diebus
835 1672 1055 1742 triginta
1102 1690 1196 1724 sua
1235 1671 1457 1740 inpensa
1498 1671 1726 1738 curavit,
1772 1669 1974 1736 refecit,
1999 1693 2018 1724 2

279 1748 478 1802 viatico
520 1748 778 1800 instruxit
817 1747 1041 1799 subinde
1082 1747 1367 1799 dicentem:
1409 1744 1669 1798 ‘Gratiam
1709 1744 1812 1796 tibi
1843 1744 1973 1795 refe-

282 1842 412 1892 ram,
442 1823 622 1875 videre
655 1825 866 1875 tantum
892 1821 1028 1873 mihi
1059 1821 1419 1890 inperatorem
1452 1839 1630 1872 meum
1662 1817 1972 1887 contingat'

278 1897 533 1952 Narravit
565 1896 818 1965 Philippo
851 1896 1191 1966 naufragium
1224 1913 1397 1963 suum,
1429 1894 1687 1947 auxilium
1721 1892 1890 1946 tacuit
1922 1895 1974 1943 et

277 1973 523 2042 protinus
562 1971 723 2041 petit,
762 1974 823 2023 ut
862 1971 965 2023 sibi
1010 1970 1282 2023 cuiusdam
1328 1969 1543 2038 praedia
1581 1968 1815 2020 donaret.
1876 1965 1973 2019 Ille

281 2047 497 2117 quidam
532 2049 646 2098 erat
676 2046 872 2114 hospes
899 2046 1029 2113 eine,
1060 2046 1107 2098 is
1140 2044 1270 2114 ipse,
1302 2063 1332 2096 a
1365 2062 1470 2112 quo
1504 2047 1748 2111 receptus
1782 2044 1910 2109 erat,
1943 2060 1974 2093 a
1998 2065 2017 2096 2

280 2140 385 2191 quo
427 2124 658 2174 sanatus,
712 2119 886 2172 Multa
924 2119 1140 2172 interim
1179 2137 1332 2189 reges
1376 2119 1432 2170 in
1475 2118 1618 2170 bello
1662 2116 1973 2186 praesertim

281 2197 481 2265 opertis
516 2195 684 2248 oculis
717 2195 929 2247 donant.
980 2193 1124 2247 ‘Non
1150 2193 1352 2247 sufficit
1381 2193 1543 2245 homo
1577 2193 1750 2244 iustus
1781 2193 1866 2243 tot
1897 2208 1975 2242 ar-

279 2271 439 2324 matis
480 2269 887 2340 cupiditatibus,
926 2287 1036 2322 non
1075 2271 1255 2337 potest
1294 2268 1576 2337 quisquam
1618 2266 1801 2319 eodem
1843 2267 1974 2316 tem-

352 2427 373 2461 1
408 2418 692 2462 Maecenatis
723 2417 889 2475 fraym.
922 2419 986 2461 28
1018 2415 1329 2460 Lunderstedt

353 2546 373 2580 1
406 2538 460 2580 ut
485 2572 494 2581 .
521 2572 530 2581 .
565 2537 690 2580 enim
721 2550 803 2581 om.
830 2536 890 2578 R¹
1011 2545 1033 2578 2
1068 2535 1386 2591 obiurgandus
1421 2536 1535 2578 Mrt.
1659 2545 1707 2575 se
1739 2536 1778 2574 N
1810 2544 1910 2575 esse
1944 2535 1973 2573 0

353 2606 376 2640 4
408 2597 603 2654 indigno
629 2601 667 2639 V
698 2596 810 2640 inde
843 2600 873 2638 0
995 2604 1017 2638 5
1051 2595 1350 2639 conibeamus
1382 2593 1491 2636 N²R
1522 2591 1818 2636 cohibeamus
1850 2595 1883 2632 P

280 2666 304 2699 6
335 2656 490 2700 robori
514 2656 575 2699 1³¹
675 2665 693 2698 '2
729 2668 979 2699 excausare
1002 2654 1065 2697 Nl
1161 2662 1185 2697 8
1217 2655 1444 2710 quantum
1469 2657 1592 2695 RGP
1624 2652 1872 2707 quantum3
1904 2664 1973 2705 pr.

284 2719 382 2774 My.
512 2724 558 2758 14
591 2714 650 2759 al.
683 2715 793 2759 inde
824 2714 897 2758 illi
931 2719 960 2757 0
993 2714 1104 2757 inde
1135 2714 1219 2759 del.
1253 2715 1306 2758 in
1337 2718 1375 2756 N
1495 2720 1538 2754 17
1573 2710 1683 2766 quoi
1718 2710 1868 2763 Gertz,
1897 2709 1975 2752 sed

282 2779 351 2820 vd.
371 2778 589 2832 p.113,8
701 2783 747 2818 18
778 2773 1012 2830 recolligit
1042 2774 1106 2816 Nl
1209 2782 1255 2816 19
1287 2771 1504 2816 trantulit
1535 2771 1597 2813 Νι
1703 2768 1763 2812 ad
1795 2770 1974 2812 sectum

283 2841 318 2878 G
429 2843 478 2877 2ο
509 2834 717 2891 trigenta
748 2839 787 2877 N
899 2842 947 2876 22
979 2833 1090 2890 ίῑῑΡ.
1124 2834 1220 2890 (sic)
1254 2837 1284 2875 0
1399 2840 1447 2874 24
1478 2830 1600 2886 petit
1630 2833 1670 2872 N
1699 2827 1840 2885 petiit
1870 2826 1973 2869 ΝΞΟ

355 2903 402 2937 25
436 2894 626 2949 quidem
653 2898 682 2936 0
715 2908 827 2938 corr.
855 2893 968 2938 Mrt.
1106 2901 1151 2936 27
1186 2890 1361 2948 apertis
1392 2894 1527 2933 Rom
1646 2888 1796 2931 iustus
1828 2886 1974 2930 wc?

281 2954 404 2998 iusto
436 2958 521 2995 NR
555 2953 707 2996 iustus
738 2967 858 2996 unus
889 2953 984 2997 cod.
1008 2953 1140 2997 Pinc.
