2020 3132
464 65 546 111 DE
577 64 912 111 BENEF'ICIIS
942 64 1054 110 ΠΒ.
1084 63 1171 109 V11
1201 63 1327 110 CAP.
1361 68 1535 108 29-—31
1740 63 1848 117 207

153 203 350 257 tinacia
386 203 580 273 potuit,
618 202 864 257 violentia
902 201 1165 256 trahentis
1212 201 1500 271 abruptum
1551 203 1644 255 est.
1708 198 1850 264 Quid

154 296 289 348 opus
322 282 404 332 est
432 277 771 331 maledictis?
802 277 934 347 quid
964 275 1256 347 querellis?
1296 277 1426 346 quid
1458 275 1848 330 insectatione?

152 371 316 480 εῑῖῑθ
329 350 1847 490 ἫΩΜΨΜΨΜ

108 523 127 556 ⁵
153 520 349 574 magna
387 501 701 570 contuleris,
740 505 802 554 ut
840 520 906 555 ex
945 501 1118 555 amico
1159 499 1323 554 dubio
1362 501 1459 554 fiat
1495 467 1605 554 n'on
1652 444 1847 553 diqibius

153 577 403 631 inimicus
449 580 504 630 et
548 576 911 646 patrocinium
959 575 1063 630 sibi
1109 579 1294 629 nostra
1340 575 1562 629 infamia
1609 577 1847 644 quaerat,

151 669 249 705 nec
280 651 474 705 dicere:
508 650 724 705 ‘Nescio
757 651 887 720 quid
918 654 1015 718 est,
1048 650 1193 720 quod
1224 669 1363 718 eum,
1396 649 1482 703 cui
1513 652 1726 702 tantum
1759 648 1847 702 de-

151 726 286 795 buit,
314 726 454 780 ferre
485 744 594 779 non
625 726 826 796 potuit3
858 725 1044 779 subest
1066 724 1329 795 aliquid'?
1359 723 1535 779 Nemo
1559 743 1668 778 non
1695 742 1846 794 supe-

149 801 308 854 rioris
358 800 675 872 dignitatem
727 800 1021 870 querende,
1064 800 1226 854 etiam
1273 800 1320 852 si
1366 817 1477 852 non
1525 798 1847 869 inquinavit,

82 896 126 929 ιο
148 875 437 945 adspersit:
467 892 568 929 nec
598 875 882 945 quisquam
905 875 1108 945 fingere
1133 877 1416 928 contentus
1441 877 1522 927 est
1544 874 1698 943 levia,
1723 891 1845 927 cum

149 949 520 1021 magnitudine
551 948 816 1003 mendacii
846 949 1008 1002 fidem
1040 951 1277 1019 quaerat.

222 1023 436 1088 Quanto
478 1024 573 1078 illa
611 1023 801 1077 melior
838 1024 948 1090 via,
995 1042 1102 1094 qua
1147 1026 1392 1077 servatur
1437 1023 1518 1076 ini
1567 1022 1769 1093 species
1819 1035 1842 1075 1
1876 1027 2020 1072 XXX]

148 1099 414 1153 amicitiae
438 1101 507 1169 et,
531 1099 576 1152 si
601 1097 798 1153 reverti
822 1098 889 1152 ad
913 1098 1199 1152 sanitatem
1225 1098 1372 1168 velit,
1395 1098 1559 1151 etiam
1584 1097 1843 1151 amicitia!

148 1173 335 1227 Vincit
364 1173 536 1227 malos
566 1174 815 1244 pertinax
847 1173 1089 1243 bonitxm,
1126 1191 1227 1228 nec
1259 1173 1545 1243 quisquam
1577 1175 1687 1225 tam
1724 1172 1844 1225 duri

81 1270 124 1304 ιε
148 1248 439 1319 infestique
485 1248 739 1302 adversus
787 1247 1062 1321 diligenda
1106 1247 1272 1301 animi
1321 1252 1426 1318 est,
1468 1250 1531 1300 ut
1577 1247 1738 1301 etiam
1784 1248 1845 1301 in

145 1323 345 1378 iniuria
374 1323 547 1377 bonos
578 1342 687 1377 non
719 1327 885 1392 amet,
924 1323 1120 1393 quibus
1151 1323 1255 1376 hoc
1295 1341 1510 1393 quoque
1543 1323 1722 1392 coepit
1754 1321 1843 1375 de-

146 1398 286 1469 bere,
318 1398 463 1468 quod
486 1399 687 1468 inpune
708 1416 817 1453 non
844 1398 1020 1452 solvit.
1053 1398 1139 1451 Ad
1163 1397 1257 1452 ina
1280 1399 1463 1468 itaque
1487 1397 1842 1468 cogitationes
1876 1412 1902 1452 2

143 1477 265 1527 tuas
303 1474 480 1527 flecte:
513 1472 661 1527 ‘Non
700 1476 781 1526 est
819 1472 989 1526 relata
1027 1471 1162 1526 mihi
1202 1473 1399 1544 gratia3
1440 1472 1580 1542 quid·
1608 1471 1842 1526 faciam?

144 1549 290 1618 quod
321 1548 397 1618 di,
437 1548 679 1602 omnium
710 1567 889 1602 rerum
930 1547 1124 1618 optimi
1157 1551 1402 1602 auctores
1413 1591 1427 1618 ,
1459 1547 1552 1618 qui
1583 1546 1843 1601 beneficia

75 1643 120 1677 ιο
144 1623 418 1693 ignoranti
442 1622 568 1677 dare
591 1622 874 1693 incipiunt,
898 1622 1127 1694 ingratis
1151 1625 1508 1692 perseverant.
1547 1620 1705 1676 Alius
1730 1620 1840 1675 iuis
1874 1636 1900 1676 3

142 1698 311 1753 obicit
340 1698 730 1769 neclegentiam
762 1699 950 1767 nostri,
981 1697 1118 1751 alius
1148 1697 1515 1767 iniquitatem3
1548 1697 1685 1750 alius
1717 1697 1841 1751 illos

141 1777 293 1827 extra
324 1772 583 1826 mundum
616 1791 772 1826 suum
803 1772 1002 1843 proicit
1033 1776 1088 1826 et
1117 1773 1343 1844 ignavos
1366 1771 1694 1842 hebetesque
1726 1772 1842 1825 sine

142 1847 275 1913 luce,
299 1847 415 1901 sine
446 1849 559 1902 ullo
585 1865 748 1917 opere
773 1847 1044 1917 destitujt3
1076 1847 1212 1901 alius
1239 1847 1424 1916 solem,
1448 1847 1535 1901 cui
1567 1846 1838 1916 debemuS,

142 1922 287 1992 quod
319 1923 460 1977 inter
489 1921 730 1976 laborem
762 1922 1105 1992 quietemque
1129 1926 1343 1992 tempus
1369 1922 1665 1992 divisimu8‚
1697 1922 1841 1991 quod

74 2016 118 2050 π
145 2014 255 2051 non
284 1996 522 2052 tenebris
561 1997 725 2051 mersi
757 1997 1129 2051 confusionem
1171 2001 1418 2051 aeternae
1449 1997 1625 2051 noctis
1657 1997 1840 2068 effugi-

142 2090 283 2141 mus,
326 2072 420 2142 qui
464 2090 663 2125 annum
705 2090 865 2126 cursu
906 2089 1003 2126 suo
1042 2074 1310 2142 temperat
1355 2075 1410 2125 et
1456 2089 1682 2142 corpora
1727 2070 1841 2142 alit,

214 2272 261 2309 n
292 2264 429 2322 Epic.
459 2264 521 2319 fr.
553 2267 644 2311 364
675 2263 751 2311 Ue.

215 2437 238 2472 4
270 2428 464 2485 inquam
495 2427 680 2487 magni·
711 2427 962 2486 protuleris
987 2434 1014 2472 8
1135 2437 1159 2473 ὅ
1191 2442 1247 2474 ex
1279 2428 1435 2473 animo
1461 2428 1519 2472 (³¹
1641 2437 1661 2472 7
1688 2427 1840 2473 dicere

144 2489 243 2548 My.
287 2487 414 2533 desit
442 2491 475 2532 0
518 2488 643 2533 desit
674 2488 832 2548 (vox)
857 2487 1090 2536 Rossbach
1131 2501 1219 2533 nec
1250 2488 1395 2545 desit,
1427 2488 1509 2546 qui
1551 2488 1681 2533 dicat
1712 2502 1740 2538 ς

139 2556 165 2592 8
195 2548 401 2605 potuerit
430 2547 550 2606 ἶνες.
673 2556 716 2593 n
747 2562 793 2592 m
892 2547 1124 2594 itudinem
1155 2552 1194 2592 B
1320 2557 1367 2592 n
1398 2547 1529 2592 illam
1562 2553 1597 2593 fl
1718 2562 1840 2605 quae

139 2609 201 2652 1⁸
336 2616 383 2652 η
413 2607 519 2652 uult
549 2612 576 2651 8
711 2616 757 2652 1⁴
851 2642 862 2653 .
899 2607 1052 2655 Index
1089 2622 1123 2654 ε.
1157 2623 1195 2654 υ.
1230 2606 1453 2666 anonymi
1592 2616 1639 2652 1⁶
1677 2607 1838 2652 infesti

139 2672 232 2726 que
260 2671 299 2711 B
426 2667 475 2712 in
506 2666 681 2713 iniuria
711 2667 822 2726 1422.
854 2667 1077 2713 iniuriam
1108 2671 1194 2712 ΠΒ
1231 2667 1482 2713 iniuriatus
1514 2670 1585 2725 (us
1617 2681 1674 2713 ex
1703 2681 1755 2713 oe
1788 2670 1841 2725 G)

140 2732 238 2773 ⁰1³1
336 2736 384 2771 ιο
414 2727 503 2772 hoc
525 2731 564 2771 V
596 2727 671 2772 hic
696 2731 728 2771 0
850 2736 893 2772 17
927 2727 975 2772 in
1005 2742 1164 2786 pugne
1194 2728 1256 2771 11¹
1378 2728 1442 2772 At
1472 2726 1558 2772 illa
1582 2731 1614 2772 0
1638 2741 1752 2774 corr.
1778 2728 1841 2771 Ν*

212 2794 260 2831 ιε
282 2787 399 2832 mihi
422 2786 574 2832 relata
598 2791 675 2831 o?
795 2794 845 2831 ὀ
875 2786 1078 2847 ignorati
1102 2787 1199 2833 cod.
1216 2789 1348 2834 Pinc.
1382 2787 1594 2833 -antibus
1620 2788 1840 2847 Agricola

212 2855 257 2892 ιι
289 2846 410 2892 alin·
441 2846 559 2892 alios
593 2851 627 2891 θ
778 2855 828 2891 n
858 2847 1063 2905 prodicit
1091 2847 1155 2891 1¹²
1303 2856 1353 2892 u
1384 2847 1590 2907 tempus]
1622 2847 1772 2892 uitam
1804 2852 1839 2891 G

214 2915 265 2951 00
295 2906 377 2965 qni
408 2920 437 2957 ς
472 2919 565 2964 quo
595 2910 698 2964 (uuo
728 2910 831 2964 om.)
864 2911 899 2950 G
931 2908 1058 2965 quod
1090 2911 1122 2952 0
