2020 3132
419 62 499 108 DE
531 63 866 110 BENEFIGIIS
899 65 1015 111 LIB.
1045 65 1108 110 IV
1141 64 1269 111 CAP.
1305 69 1478 110 13—15
1730 63 1800 117 93

103 203 293 270 ‘Qua-e,
333 202 460 271 quia
490 218 600 254 non
631 200 809 270 licuit,
839 219 951 254 non
983 202 1149 272 dedit,
1182 203 1276 255 illa
1314 202 1495 255 dedit?
1559 200 1681 255 Non
1727 203 1804 256 in-

103 276 296 331 merito
316 277 370 329 in
394 294 676 329 numerum
699 277 1038 345 peccantium
1062 277 1304 346 refertur,
1330 295 1464 346 quae
1490 276 1801 346 pudicitiam

102 350 283 404 timori
308 350 595 420 praestitit,
629 368 736 404 non
761 351 879 404 sibi.
926 350 1132 405 Eodem
1161 353 1334 421 mod0,
1367 352 1459 421 qui
1484 351 1802 416 beneficium

103 433 164 478 ut
195 426 455 495 reciperet
493 424 662 494 dedit,
700 443 810 478 non
851 425 1011 479 dedit.
1075 426 1221 498 Ergo
1263 430 1316 478 et
1345 445 1445 480 nos
1489 426 1806 480 beneficium
1839 440 1865 479 2

57 522 77 554 ε
103 501 291 554 damus
333 499 679 569 animalibus,
726 518 863 569 quae
902 505 996 554 aut
1034 502 1157 554 usui
1198 504 1292 554 aut
1328 501 1586 555 alimento
1625 503 1808 555 futura

102 574 411 628 nutrimus?
443 573 761 627 beneficium
794 574 1265 645 damus'arbustis,
1298 594 1434 646 quae
1467 575 1709 645 colimus,
1740 595 1807 629 ne

101 650 344 703 siccitate
383 651 478 702 aut
523 649 718 702 inmoti
766 653 820 703 et
861 651 1084 704 neclecti
1131 650 1234 704 soli
1280 650 1479 704 duritia
1523 650 1808 704 laborent?

100 723 277 778 Nemo
309 723 375 776 ad
406 741 595 794 agrum
628 724 911 777 colendum
945 743 1011 778 ex
1049 743 1221 795 aequo
1262 729 1315 778 et
1354 725 1496 780 bono
1530 726 1679 779 venit
1710 744 1809 780 nec
1841 741 1866 779 3

102 798 169 852 ad
201 800 368 852 ullam
400 816 538 866 rem,
578 798 731 852 cuius
762 802 916 852 extra
955 799 1126 869 ipsam
1159 801 1367 854 fructus
1401 804 1504 866 est;
1544 801 1611 853 ad
1654 801 1810 854 bene-

37 896 79 929 ιο
102 873 286 927 ficium
319 872 553 926 dandum
586 891 697 927 non
729 872 948 928 adducit
973 875 1233 946 cogitatio
1259 893 1419 928 avara
1448 893 1548 929 nec
1579 875 1810 946 sordida,

103 947 197 1002 sed
228 948 480 1016 humana,
511 947 775 1016 liberaliS,
806 948 1025 1018 cupiens
1058 949 1207 1018 dare,
1239 949 1402 1003 etiam
1436 968 1557 1003 cum
1590 950 1811 1020 dederit,

102 1027 157 1077 et
188 1039 384 1095 augere
414 1022 571 1076 novis
602 1040 666 1077 ac
696 1024 1001 1077 recentibus
1034 1027 1231 1094 vetera,
1261 1043 1430 1078 unum
1461 1025 1666 1079 habens
1690 1043 1811 1095 pro-

103 1098 367 1169 positum,
399 1101 601 1167 quanto
634 1098 707 1167 ei,
739 1098 826 1151 cui
858 1102 1120 1169 praestat,
1159 1100 1303 1154 bono
1335 1100 1519 1153 futura
1550 1100 1644 1171 sit3
1683 1101 1811 1154 alio-

101 1173 196 1242 qui
235 1172 438 1226 humile
476 1175 579 1242 est,
610 1173 727 1226 sine
758 1174 939 1243 laude,
980 1174 1094 1228 sine
1127 1174 1323 1246 gloria,
1367 1175 1642 1245 prodesse,
1685 1177 1812 1245 quia

35 1270 75 1303 ιι
99 1247 328 1317 expedit.
377 1245 518 1310 Quid
550 1247 822 1319 magnifici
857 1252 937 1302 est
976 1267 1033 1302 se
1065 1267 1265 1318 amare,
1298 1250 1402 1302 sibi
1435 1268 1668 1319 parcere,
1702 1250 1806 1303 sibi
1841 1264 1867 1302 4

99 1321 419 1392 adquirere?
449 1322 516 1375 ab
549 1322 799 1377 omuibus
831 1323 950 1377 istis
982 1342 1107 1377 vera
1140 1325 1383 1378 beneficii
1417 1325 1577 1378 dandi
1610 1325 1804 1395 cupido

101 1401 304 1464 avocat,
334 1397 400 1450 ad
432 1396 815 1451 detrimentum
849 1399 1044 1453 iniecta
1076 1418 1238 1452 manu
1271 1399 1441 1453 trahit
1464 1404 1519 1453 et
1541 1401 1807 1454 utilitates

102 1471 361 1541 relinquit
392 1472 509 1542 ipso
543 1472 677 1525 bene
709 1473 940 1526 faciendi
973 1491 1132 1544 opere
1163 1474 1471 1528 laetissima.
1507 1533 1518 1546 ,

178 1545 457 1617 Numquid
490 1546 714 1600 dubium
747 1551 845 1618 est,
877 1549 1007 1617 quin
1039 1549 1309 1602 contraria
1341 1550 1412 1603 sit
1443 1549 1703 1604 beneficio
1737 1550 1814 1603 in·
1850 1566 1869 1603 1
1907 1559 1994 1604 XV

37 1644 82 1678 ιο
106 1621 279 1675 iuria?
334 1620 615 1685 Quomodo
656 1623 910 1677 iniuriam
947 1624 1122 1678 facere
1161 1643 1257 1694 per
1296 1643 1352 1678 se
1384 1625 1604 1678 vitanda
1635 1643 1698 1678 ac
1728 1625 1814 1678 fu-

106 1695 301 1767 gienda
323 1714 407 1749 res
431 1700 529 1765 est,
553 1697 631 1751 sic
655 1697 970 1753 beneficium
997 1699 1122 1752 dare
1146 1718 1243 1769 per
1267 1718 1322 1752 se
1347 1700 1657 1770 expetenda.
1691 1698 1814 1754 Illic

107 1771 388 1841 turpitudo
406 1776 592 1825 contra
609 1772 791 1826 omnia
808 1773 1046 1843 praemia
1070 1774 1125 1827 in
1151 1776 1325 1828 scelus
1349 1774 1627 1829 hortantia
1650 1774 1814 1846 valet3

109 1846 176 1900 ad
208 1846 311 1900 hoc
342 1846 537 1900 invitat
566 1846 780 1902 honesti
813 1866 910 1918 per
941 1867 997 1902 se
1029 1848 1219 1903 efficax
1253 1849 1470 1920 species.
1510 1848 1564 1904 N
1567 1868 1636 1903 on
1668 1868 1812 1904 men-
1844 1864 1869 1903 2

110 1921 232 1990 tiar,
260 1922 305 1975 si
337 1920 523 1974 dixero
554 1922 823 1976 neminem
855 1942 966 1977 non
998 1942 1174 1978 amare
1208 1924 1466 1978 beneficia
1498 1943 1614 1995 sua,
1649 1925 1818 1979 nemi-

45 2018 88 2051 ss
113 2014 234 2050 nem
265 2014 372 2049 non
405 1996 481 2049 ita
510 1998 852 2067 conpositum
878 1999 1073 2069 animo,
1107 2002 1168 2051 ut
1191 1998 1448 2053 libentius
1473 2019 1594 2053 eum
1621 2000 1815 2068 videat,

115 2071 169 2124 in
202 2088 361 2141 quem
395 2070 567 2124 multa
590 2073 877 2145 congessit,
909 2073 996 2127 cui
1020 2092 1128 2127 non
1155 2091 1315 2128 causa
1340 2074 1410 2127 sit
1435 2074 1632 2128 iterum
1659 2075 1820 2129 dandi

117 2145 361 2199 beneficii
400 2147 565 2200 semel
603 2146 824 2203 dedisse.
890 2146 1044 2212 Quod
1084 2167 1192 2203 non
1234 2149 1520 2219 accideret,
1561 2149 1663 2203 nisi
1704 2150 1820 2220 ipsa

115 2238 213 2273 nos
246 2219 572 2275 delectarent
604 2221 875 2276 beneficia.
917 2222 1090 2286 Quam
1123 2242 1281 2294 saepe
1313 2224 1578 2278 dicentem
1612 2224 1818 2279 audias:

194 2406 211 2441 1
249 2398 325 2443 00.
360 2413 449 2443 am.
488 2400 588 2445 III
619 2403 734 2455 14,4

194 2558 218 2593 ί
250 2549 494 2595 innumero
526 2554 649 2594 KP!
740 2551 821 2609 qui
856 2557 883 2595 8
975 2561 997 2596 4
1032 2566 1119 2610 ego
1151 2551 1213 2596 1¹¹
1306 2561 1329 2596 ὅ
1362 2553 1486 2597 uisui
1522 2553 1578 2596 0¹
1670 2552 1829 2597 futuro

120 2609 181 2652 1·
278 2618 304 2652 ο
335 2623 419 2655 uec
451 2614 484 2654 Ρ
583 2618 603 2653 7
638 2612 722 2655 aut
752 2610 873 2669 negl.
909 2615 955 2655 Ι
1052 2620 1077 2655 ο
1109 2610 1242 2657 illam
1275 2616 1320 2656 11
1421 2621 1467 2656 ιο
1499 2627 1588 2656 non
1623 2612 1754 2657 ducit
1785 2616 1829 2655 lt

196 2677 241 2712 ιι
275 2668 410 2715 nobis
441 2670 502 2713 1¹
618 2670 966 2716 acrescentibus
1005 2674 1142 2729 (accr.
1177 2673 1228 2729 θ)
1261 2671 1368 2715 lvo
1484 2674 1757 2717 ueteranum
1790 2676 1830 2715 N

123 2731 285 2774 uetera
317 2743 408 2774 nou
441 2730 545 2773 11²0
585 2744 700 2776 corr.
738 2730 872 2777 Grac.
986 2730 1277 2801 prepositum
1310 2735 1389 2775 BP
1534 2740 1578 2775 18
1611 2731 1736 2777 bona
1768 2732 1830 2776 sit

123 2787 208 2833 fut.
242 2791 286 2832 Ι
407 2788 567 2835 futuro
598 2790 658 2833 3¹
803 2799 846 2834 14
881 2789 1043 2836 laudes
1076 2790 1190 2849 ingl.
1224 2791 1285 2835 11¹
1430 2801 1475 2835 1⁶
1508 2804 1648 2849 parce
1679 2792 1738 2835 3¹

124 2856 169 2892 ιο
200 2848 326 2907 ipsos
358 2850 419 2892 1¹
519 2858 569 2893 so
600 2849 844 2895 uitandam
878 2851 939 2894 11¹
1031 2853 1115 2895 aut
1145 2856 1178 2895 Ρ
1279 2860 1322 2895 21
1356 2850 1460 2897 Illic
1492 2850 1663 2909 cupido
1695 2855 1739 2895 Π

123 2916 173 2951 κ
204 2908 450 2966 congessit.
494 2908 578 2954 Cui
611 2925 650 2953 n.
689 2924 722 2954 c.
760 2913 831 2955 est
858 2946 867 2955 .
894 2945 903 2955 .
930 2910 1150 2955 dedisse?
1186 2911 1322 2956 Gertz
1443 2920 1489 2955 2⁷
1525 2910 1753 2956 acciderit
1784 2916 1828 2955 H
1889 2960 1890 2963 Ἴ
