2020 3132
414 51 495 96 DE
527 50 859 96 BENEFICIIS
890 50 998 95 ΗΒ.
1031 50 1117 95 V11
1148 49 1274 95 GAP.
1311 55 1484 95 10-12
1702 50 1804 103 191

110 207 364 259 pecorum
407 207 503 258 per
543 188 848 258 provincias
892 205 953 242 ac
993 205 1160 258 regna
1204 187 1455 256 pascendi
1502 191 1556 240 et
1601 186 1806 240 familia

112 264 382 317 bellicosis
403 263 718 317 nationibus
748 263 920 316 maior
950 266 1004 316 et
1028 261 1270 315 aedificia
1293 262 1503 331 privata
1526 262 1804 315 laxitatem

112 338 326 391 urbium
358 353 675 408 magnarum
706 337 997 391 vincentia!
1048 334 1186 389 Cum
1218 335 1353 389 bene
1384 336 1504 405 ista,
1543 355 1638 405 per
1669 355 1805 406 quae
1839 350 1863 389 6

111 413 325 466 divitias
365 431 488 466 suas
527 411 795 482 disposuit
839 429 901 464 ac
939 410 1104 479 fudit,
1146 411 1583 480 circumspexerit
1626 429 1806 480 super-

67 508 86 540 5
114 487 347 557 bumque
378 505 435 540 se
465 487 667 555 fecerit,
698 486 961 556 quidquid
991 485 1170 554 habet,
1208 486 1273 553 ei,
1313 485 1457 553 quod
1489 485 1653 555 cupit,
1686 503 1808 539 con-

110 566 284 631 paret:
308 580 511 632 pauper
534 565 630 616 est.
661 560 892 614 Dimitte
915 579 1001 614 me
1026 564 1080 614 et
1104 560 1214 614 illis
1239 560 1442 613 divitiis
1467 560 1599 613 meis
1625 561 1808 630 redde3

110 654 211 708 ego
244 655 469 708 regnum
501 636 794 706 sapientiae
817 636 960 703 novi,
991 653 1266 706 magnum,
1297 652 1566 705 securum3
1599 653 1700 706 ego
1733 635 1808 688 sic

110 712 293 764 omnia
322 710 509 779 habeo,
541 714 603 764 ut
633 709 874 763 omnium
907 710 1051 762 sint.'

182 784 372 854 Itaque
422 803 542 838 cum
598 783 652 838 G.
694 783 887 837 Caesar
934 785 1015 837 illi
1068 784 1295 837 ducenta
1339 784 1585 853 donaret,
1628 783 1807 837 ridens
1843 794 1863 833 1
1900 789 1962 833 XI

44 883 86 913 ιο
114 859 297 913 reiecit
332 878 401 912 ne
440 860 659 930 dignam
699 859 915 928 quidem
956 877 1222 911 summam
1255 858 1520 927 iudicans»,
1563 877 1670 928 qua
1700 877 1810 911 non

112 938 332 1004 accepta
376 933 713 1005 gloriaretur.
769 933 840 986 Di
883 933 1139 1002 deaeque,
1183 951 1342 1003 quam
1386 934 1584 1002 pusillo
1628 932 1808 986 animo

115 1010 268 1062 illum
301 1013 393 1062 aut
424 1007 690 1061 honorare
724 1008 899 1061 voluit
929 1012 1023 1061 aut
1054 1009 1415 1077 corrumpere!
1459 1006 1808 1060 Reddendum
1843 1024 1868 1061 2

113 1083 332 1154 egregio
357 1083 473 1136 viro
497 1083 870 1137 testimonium
896 1086 999 1151 est3
1032 1082 1305 1153 ingentem
1339 1101 1448 1134 rem
1485 1082 1553 1135 ab
1586 1083 1679 1135 illo
1706 1082 1811 1135 dici

114 1158 311 1227 audivi,
342 1175 462 1211 cum
494 1159 781 1211 miraretur
805 1155 903 1210 Gai
935 1157 1273 1226 dementiam,
1304 1157 1450 1226 quod
1481 1175 1536 1209 se
1569 1160 1811 1226 putasset

45 1252 88 1286 ιι
116 1233 251 1286 tanti
293 1251 452 1302 posse
490 1233 709 1286 mutari:
758 1230 837 1284 ‘Si
876 1232 1158 1302 temptare’
1193 1232 1432 1329 'inquit
1438 1251 1522 1285 me
1553 1231 1811 1285 constitu-

114 1311 245 1375 erat,
275 1311 392 1360 toto
425 1307 508 1361 illi
538 1307 618 1360 fui
650 1306 1001 1377 experiendus
1034 1306 1277 1376 inperio?

184 1381 424 1452 Sapienti
457 1400 584 1453 ergo
617 1382 806 1435 donari
837 1381 1042 1451 aliquid
1075 1384 1279 1452 potest,
1317 1381 1478 1435 etiam
1523 1381 1570 1433 si
1602 1381 1809 1450 sapien·
1844 1394 1864 1431 1
1904 1388 1987 1431 XII

111 1456 182 1509 tis
214 1457 395 1510 omnia
425 1460 566 1510 sunt.
620 1455 808 1526 Aeque
839 1455 979 1509 nihil
1011 1455 1280 1526 prohibet,
1313 1473 1434 1509 cum
1469 1455 1650 1508 omnia
1682 1456 1809 1508 ami-

111 1531 187 1584 cis
218 1531 458 1585 dicamus
496 1549 612 1585 esse
643 1531 970 1600 communia,
1010 1530 1215 1600 aliquid
1246 1532 1417 1584 amico
1451 1530 1662 1600 donari3
1699 1548 1808 1584 non

43 1628 87 1660 ιο
112 1605 254 1659 enim
287 1605 424 1659 mihi
455 1606 532 1660 sic
571 1624 693 1659 cum
726 1606 896 1660 amico
928 1606 1235 1659 communia
1273 1605 1454 1659 omnia
1493 1609 1642 1674 sunt,
1681 1623 1812 1675 quo-

111 1681 271 1734 modo
304 1698 426 1734 cum
460 1680 629 1750 socio,
667 1684 729 1735 ut
759 1699 883 1751 pars
915 1699 1034 1733 mea
1067 1681 1160 1750 sit,
1198 1699 1323 1750 pars
1355 1680 1518 1750 illius,
1558 1680 1651 1733 sed
1683 1698 1812 1749 quo-

113 1754 271 1810 modo
303 1756 445 1824 patri
476 1755 744 1826 matrique
770 1773 1079 1809 communes
1105 1754 1262 1808 liberi
1286 1758 1428 1824 sunt,
1460 1755 1656 1824 quibus
1689 1773 1809 1808 cum

110 1829 218 1883 duo
252 1833 400 1898 sunt,
438 1848 547 1883 non
582 1830 782 1901 singuli
817 1831 1060 1901 singulos
1093 1829 1314 1900 habent,
1359 1830 1451 1883 sed
1496 1828 1695 1900 singuli
1735 1830 1811 1882 bi-

81 1922 226 1958 ·nos.
288 1903 532 1958 Primum
576 1905 815 1959 omnium
862 1905 968 1958 iam
1013 1905 1267 1974 efficiam,
1313 1908 1397 1973 ut,
1444 1905 1683 1973 quisquis
1731 1908 1813 1958 est
1846 1919 1870 1957 2

44 2000 87 2033 ιο
111 1979 235 2047 iste,
273 1979 365 2049 qui
399 1998 484 2032 me
516 1979 572 2032 in
606 1980 916 2033 societatem
950 1982 1129 2048 vocat,
1168 1981 1302 2033 sciat
1334 1998 1390 2033 se
1429 1979 1570 2032 nihil
1602 1997 1810 2033 mecum

111 2053 309 2107 habere
332 2050 638 2108 commune:
663 2054 866 2123 quare?
897 2055 1025 2124 quia
1047 2053 1152 2108 hoc
1175 2055 1317 2108 inter
1342 2055 1609 2123 sapientes
1634 2053 1810 2108 solum

112 2129 443 2182 consortium
475 2133 571 2193 est,
612 2129 751 2183 inter
783 2147 917 2199 quos
949 2128 1188 2183 amicitia
1218 2132 1324 2200 est3
1368 2131 1532 2183 ceteri
1564 2147 1672 2182 non
1703 2147 1812 2182 ma-

114 2203 197 2274 gis
229 2203 386 2256 amici
419 2207 548 2257 sunt
577 2221 739 2273 quam
778 2203 925 2258 socii.
965 2203 1171 2257 Deinde
1194 2203 1442 2274 pluribus
1476 2203 1648 2257 modis
1673 2222 1813 2257 com·
1847 2218 1872 2258 8

113 2278 298 2331 munia
339 2282 480 2332 sunt.
534 2277 825 2348 Equestria
867 2280 1109 2332 omnium
1155 2280 1397 2348 equitum
1443 2278 1811 2332 Romanorum

48 2375 90 2405 ιο
114 2356 264 2422 sunt3
298 2353 351 2406 in
376 2353 484 2407 illis
508 2356 686 2407 tamen
711 2371 862 2408 meus
887 2354 951 2408 fit
982 2354 1238 2424 proprius
1270 2353 1436 2422 loeus,
1469 2372 1628 2423 quem
1661 2370 1813 2407 occu-

191 2522 216 2557 6
248 2513 297 2558 Si
330 2513 444 2571 quid
477 2517 546 2571 (in
578 2530 662 2575 my.
698 2514 753 2560 ai'
783 2514 1030 2574 quicquid)
1060 2515 1206 2561 habet
1229 2521 1266 2560 V
1388 2525 1412 2559 ο
1443 2516 1650 2560 Demitte
1674 2514 1735 2558 8¹

113 2581 138 2616 ο
170 2578 228 2618 οῦ
258 2587 315 2619 ex
346 2587 372 2618 c
408 2577 447 2617 Ι
579 2574 625 2620 C.
658 2573 855 2621 adan
792 2576 926 2621 Pmc.
1071 2584 1118 2620 ιο
1148 2590 1234 2621 nec
1266 2580 1301 2620 G
1433 2575 1546 2632 quia
1577 2588 1670 2620 non
1700 2579 1733 2619 P

114 2642 154 2677 n
188 2631 320 2678 illum
355 2632 511 2678 animo
544 2638 621 2678 el·
771 2642 817 2679 ιε
847 2634 1089 2692 ingentem
1121 2649 1206 2682 om.
1237 2636 1298 2679 13²
1442 2644 1486 2691 μ
1520 2634 1629 2694 Gai]
1660 2650 1744 2681 om.
1779 2639 1813 2678 G

114 2693 148 2752 ὃ
181 2711 213 2752 0
350 2717 397 2752 15
428 2722 531 2754 meo
563 2709 625 2752 1¹
753 2718 800 2753 ιο
831 2709 904 2754 sui
937 2709 1194 2767 expiendas
1228 2715 1263 2754 0
1396 2718 1441 2754 18
1473 2712 1522 2755 et
1552 2724 1658 2755 cum
1690 2714 1724 2753 G

113 2774 165 2810 20
193 2767 419 2812 continua
449 2768 608 2813 omnia
640 2769 697 2812 θ’
836 2777 885 2813 n
916 2769 1010 2814 -nis
1041 2768 1202 2814 liberis
1232 2770 1291 2814 11¹
1430 2778 1479 2814 20
1510 2770 1598 2815 hoc
1630 2783 1814 2815 consor-

115 2826 233 2872 tium
265 2826 347 2872 sol.
382 2827 463 2872 int.
498 2842 596 2886 sap.
632 2833 708 2873 GP
845 2837 891 2873 2⁷
925 2843 1042 2887 quos
1076 2829 1272 2890 (solos)
1309 2830 1444 2875 Gertz
1579 2838 1630 2873 80
1661 2831 1813 2874 metus

117 2900 224 2932 rasa
254 2889 275 2931 t
302 2890 342 2930 Ι
469 2887 598 2933 locus
629 2902 715 2935 om.
748 2892 827 2932 BG
