2020 3132
301 104 406 150 XVI
971 105 1310 150 PRAEFATIO

299 249 371 294 ret
393 250 443 295 R
470 246 590 307 180,
617 247 686 295 20
718 247 921 294 luctator
948 241 953 313 Ι
983 251 1049 295 est
1072 247 1188 296 Non
1219 250 1303 308 qui
1334 250 1490 297 omnis
1521 253 1573 298 N
1604 251 1994 301 luctatorestnon-

299 322 547 380 quiomnes
570 324 620 368 R
647 322 768 382 206,
796 322 825 367 2
850 322 905 368 in
926 315 929 388 Ι
949 323 1065 370 sinu
1087 323 1306 370 inuenies
1330 327 1383 370 N
1405 325 1703 374 insinuenies
1728 319 1811 392 (en
1836 343 1894 374 ex
1915 321 1993 393 in)

299 398 350 443 R
375 395 582 455 215,19
628 398 670 443 et
705 400 764 443 cii
794 388 802 463 Ι
832 397 917 444 hoo
951 399 1082 445 tanto
1118 397 1335 444 maius„
1357 398 1464 445 .ille
1497 392 1501 463 [
1533 399 1778 447 Inoo-culto
1801 405 1995 450 maneat

298 472 349 517 N
376 471 746 517 etcumhootanto
765 471 928 519 maius
954 508 964 518 .
984 510 993 520 .
1013 509 1022 518 .
1044 471 1553 520 illeinoooultomaneat
1573 476 1624 522 R
1645 475 1768 535 216,
1789 479 1853 523 12
1873 467 1995 537 ’φερε

298 543 535 592 Incolomi
547 537 616 609 (lo
627 560 684 591 ex
697 537 772 611 lu)
781 560 915 593 mens
923 549 976 593 N
983 546 1162 606 Reyem
1172 545 1473 594 oolomimeois
1482 550 1547 603 R,
1560 549 1588 594 2
1596 549 1625 594 2
1634 548 1680 609 6,
1694 551 1719 596 1
1730 549 1759 596 5
1773 549 1993 598 Inmaoei-

297 633 380 666 ma
386 621 620 678 potestate
635 633 696 666 ue
712 612 716 685 Ι
732 620 931 668 rissima
947 620 1103 668 animi
1125 623 1444 680 temperantia
1455 625 1508 669 N
1519 624 1992 683 inmaoeimapotesta-

298 693 1075 754 teucrissimaanimitemperantia
1105 698 1156 743 R
1174 695 1295 755 227,
1315 696 1345 742 2
1379 696 1646 743 certissima
1669 699 1806 745 salus
1821 701 1874 746 N
1898 713 1994 746 cer·

298 767 563 815 tissimahaes
586 772 652 828 R,
680 769 801 828 232,
822 770 849 816 7
884 772 1054 816 eontra
1083 770 1234 817 sentio
1250 773 1303 818 N
1320 772 1556 818 consentio
1590 763 1695 836 (tra
1726 767 1991 839 suprascr.)

296 844 346 889 R
366 843 487 903 243,
508 846 534 891 1
564 837 602 889 &
626 845 729 891 tuta
750 847 805 891 N
822 846 950 891 etuta
973 847 1023 892 B.
1051 844 1171 904 248,
1192 844 1257 892 15
1283 844 1370 891 hoc
1390 845 1624 904 sapientis
1647 849 1700 894 N
1723 847 1992 907 Ito-sapienti

296 919 359 966 R.
401 915 526 964 Cum
550 917 633 965 vix
659 917 791 965 credi
813 917 972 980 possit
994 916 1254 965 librarium
1271 918 1451 967 codicis
1468 922 1518 967 R
1534 919 1715 968 iterum
1733 921 1994 969 cohaeren-

296 990 421 1038 tiam
444 991 708 1039 verborum
739 991 839 1039 iam
870 994 1003 1040 recte
1028 991 1374 1040 distinctorum
1405 1009 1676 1055 revocasse,
1707 995 1834 1043 talia
1862 995 1993 1044 hunc

296 1065 481 1113 librum
503 1066 556 1113 in
572 1066 648 1114 his
667 1066 935 1129 archetypo
953 1066 1104 1114 verba
1121 1082 1219 1114 non
1237 1066 1538 1116 discernenti
1554 1070 1711 1117 artius
1730 1069 1992 1118 adhaerere

297 1141 520 1188 evincere
538 1140 788 1202 videntur3
814 1157 914 1190 non
937 1141 1102 1189 minus
1126 1141 1306 1189 menda
1329 1142 1420 1190 illa
1443 1143 1640 1192 facilius
1659 1160 1718 1191 ex
1736 1144 1992 1208 archetypi

296 1214 541 1277 scriptura
566 1215 839 1263 continenti
865 1232 1016 1279 quam
1041 1231 1099 1263 ex
1114 1216 1394 1264 Nazariano
1420 1217 1728 1266 discernente
1746 1219 1992 1280 explican-

295 1291 391 1338 tur.
436 1288 532 1338 cfr.
560 1291 712 1338 etiam
737 1306 863 1353 quae
887 1308 934 1354 p.
952 1289 1124 1338 XVIII
1148 1290 1258 1339 adn.
1279 1293 1308 1338 2
1335 1292 1598 1353 proferam.
1639 1291 1844 1341 Praeter
1860 1297 1914 1342 N
1937 1295 1990 1342 in

294 1362 456 1412 medio
489 1379 610 1413 aevo
635 1366 928 1414 memoriam
952 1380 1155 1426 operum
1182 1363 1395 1414 Senecae
1420 1367 1522 1414 alia
1547 1382 1744 1430 quoque
1769 1363 2007 1421 codicum⁴

294 1438 490 1486 familia
501 1432 542 1505 1)
582 1441 916 1503 propagatam
954 1439 1110 1487 fuisse
1148 1439 1263 1487 inde
1304 1439 1487 1502 elucet,
1533 1441 1665 1503 quod
1697 1441 1992 1490 Vincentius

293 1512 661 1562 Bellovacensis
686 1514 767 1563 hic
789 1513 895 1562 illic
912 1513 1315 1578 oppugnantibus
1331 1515 1631 1565 membranis
1653 1518 1742 1564 aut
1767 1516 1991 1566 omnibus

295 1590 382 1635 aut
411 1588 641 1651 plurimis
673 1605 845 1637 verum
875 1588 1045 1649 tradit,
1077 1590 1134 1635 ut
1162 1591 1245 1649 11,
1272 1590 1336 1636 21
1375 1592 1424 1637 et
1457 1591 1543 1650 49,
1570 1591 1655 1652 23,
1687 1590 1759 1638 ibi
1791 1606 1821 1638 a
1852 1591 1990 1639 nullo

295 1662 520 1711 codicum
559 1662 776 1725 adiutus,
814 1664 895 1712 hic
936 1679 966 1711 a
997 1667 1061 1723 G,
1095 1656 1196 1730 (vd.
1223 1664 1273 1711 et
1300 1664 1421 1725 129,
1449 1658 1542 1731 11)
1583 1666 1633 1712 et
1665 1665 1797 1727 quod
1828 1666 1990 1729 magis

293 1739 445 1785 etiam
476 1738 594 1786 libri
623 1738 866 1800 Pinciani,
896 1739 1027 1786 inter
1058 1753 1180 1800 quos
1213 1737 1431 1786 codicem
1462 1738 1568 1787 divi
1597 1739 1850 1787 Francisci
1883 1739 1989 1788 Sal-

291 1812 610 1862 maticensem
636 1808 1062 1876 ‘antiquissimum
1086 1814 1136 1859 et
1169 1812 1623 1862 emendatissimum
1649 1829 1706 1862 ac
1736 1813 1884 1877 plane
1909 1831 1989 1863 ve-

291 1887 539 1936 nerandae
569 1884 703 1935 fidei'
737 1889 844 1951 ipse
876 1889 1116 1947 nominat,
1150 1887 1410 1949 excellunt,
1444 1887 1528 1937 cfr.
1565 1889 1650 1950 35,
1686 1890 1738 1949 13
1774 1890 1860 1949 40,
1895 1890 1991 1952 25,

293 1963 378 2023 41,
405 1963 461 2024 3,
501 1963 708 2024 43,15;
744 1963 829 2024 45,
859 1963 949 2024 16,
983 1963 1069 2023 47,
1096 1962 1151 2023 5,
1184 1962 1269 2024 48,
1298 1963 1391 2024 24,
1425 1963 1510 2024 52,
1539 1964 1629 2024 19,
1663 1963 1749 2023 55,
1775 1964 1869 2025 27,
1904 1965 1989 2025 89,

296 2038 389 2099 14,
425 2038 510 2099 96,
537 2038 630 2099 23,
666 2039 787 2099 100,
816 2041 868 2099 1,
903 2039 1025 2098 127,
1053 2037 1255 2098 7,142,
1282 2037 1486 2097 6,152,
1512 2037 1604 2099 20,
1634 2038 1837 2098 163,5,
1867 2039 1989 2099 173,

295 2112 386 2173 25,
431 2112 551 2173 195,
579 2115 645 2160 17
680 2111 935 2160 Rossbach
965 2128 1012 2174 p.
1042 2113 1108 2159 18
1144 2109 1511 2159 GKiekebusch
1552 2111 1629 2159 De
1668 2111 1899 2160 Pinciani
1935 2114 1990 2160 in

290 2185 498 2235 Seiiecae
511 2187 789 2247 philosophi
819 2187 878 2234 de
908 2186 1149 2246 beneficiis
1183 2188 1225 2233 et
1254 2186 1312 2234 de
1335 2185 1583 2234 clementia
1607 2186 1756 2234 libros
1781 2188 1986 2247 costiya-

291 2261 499 2309 tionibus
533 2259 783 2324 Gryphiae
819 2262 974 2309 1912.

366 2335 544 2398 Itaque
567 2336 768 2384 interim
793 2335 916 2384 duas
932 2335 1111 2384 classes
1130 2351 1188 2382 ex
1205 2334 1373 2382 eodem
1390 2335 1557 2383 tamen
1574 2334 1842 2397 archetypo
1860 2334 1986 2382 deri-

290 2412 448 2475 vatas,
462 2410 514 2458 id
532 2410 667 2473 quod
679 2411 885 2459 lacunae
899 2409 1122 2471 vitiaque
1137 2409 1417 2458 communia
1431 2408 1786 2469 demonstrant,
1799 2411 1985 2470 statuo,

294 2501 508 2547 quarum
541 2485 699 2534 altera
730 2485 835 2534 solo
866 2488 919 2533 N
950 2485 1367 2547 repraesentatur,
1391 2484 1550 2531 altera
1573 2483 1710 2531 fonte
1736 2483 1985 2531 communi

291 2562 564 2609 ceterorum
590 2559 828 2622 codicum,
842 2559 1024 2622 quibus
1041 2559 1332 2621 plerumque
1350 2557 1539 2607 accedit
1554 2551 1630 2606 Ν2
1647 2573 1703 2605 ex
1721 2557 1813 2606 hac
1829 2558 1982 2607 classe

291 2636 554 2698 corrigens.
567 2627 609 2701 ²)
656 2634 832 2696 Huius,
871 2649 1021 2696 quam
1060 2633 1271 2682 secundo
1310 2633 1418 2682 loco
1457 2631 1615 2694 posui,
1647 2632 1818 2694 stirpis
1857 2631 1982 2702 inte·
2005 2693 2008 2697 .

366 2765 407 2820 1)
440 2762 528 2806 cfr.
561 2763 705 2808 etiam
736 2762 977 2807 Rossbach
1018 2762 1067 2804 in
1109 2761 1378 2807 recensione
1410 2758 1752 2804 dissertationis
1783 2759 1980 2803 Buckia-

290 2837 378 2866 nae
409 2822 580 2867 Berlin.
604 2822 952 2867 Philol.Woch.
981 2825 1095 2865 1910
1125 2837 1171 2878 p.
1200 2825 1328 2865 1041.
1766 2858 1771 2867 .,

364 2884 409 2938 2)
440 2883 596 2927 Pauca
629 2882 771 2926 etiam
805 2882 862 2925 de
895 2896 977 2926 suo
1017 2881 1162 2938 dedit,
1202 2883 1256 2925 ut
1292 2879 1555 2924 luculenter
1593 2877 1796 2923 ostendit
1828 2882 1898 2934 21,
1926 2881 1979 2921 19

288 2944 353 2987 mi
383 2943 597 2988 liberalis.
