2020 3132
494 108 575 154 DE
606 107 954 154 CLEMENTIA
985 105 1099 153 LIB.
1127 106 1149 152 Ι
1180 106 1309 153 CAP.
1344 111 1398 152 13
1687 106 1797 161 229

101 267 314 303 omnem
354 246 594 302 laborem
633 246 809 301 libens
852 245 1061 317 patitur
1100 246 1164 299 ut
1205 244 1444 315 parentis
1492 248 1697 317 custos3
1740 247 1797 298 at

102 325 257 379 illum
296 323 546 377 acerbum
586 324 642 375 et
681 321 1086 394 sanguinarium
1125 338 1342 375 necesse
1382 323 1463 375 est
1504 322 1797 392 graventur

102 398 392 469 stipatores
432 397 530 451 sui.
591 395 718 451 Non
757 399 939 466 potest
974 395 1174 450 habere
1213 395 1498 466 quisquam
1530 394 1703 449 bonae
1735 414 1798 450 ac

101 473 240 527 fidae
269 472 568 527 voluntatis
596 471 892 540 ministrOS,
923 471 1119 541 quibus
1143 472 1200 525 in
1225 470 1506 524 tormentis
1529 473 1592 523 ut
1614 470 1798 524 eculeo

55 568 76 602 ι
101 552 156 602 et
200 547 539 602 ferramentis
584 546 653 600 ad
698 549 926 599 mortem
967 545 1172 615 paratis
1210 546 1406 614 utitur,
1451 545 1648 615 quibus
1688 562 1799 599 non

100 622 258 676 aliter
312 640 472 692 quam
525 620 716 675 bestiis
769 620 1016 674 homines
1071 621 1327 690 obiectat,
1389 619 1640 674 omnibus
1693 620 1798 673 reis

101 697 470 750 aerumnosior
491 714 553 750 ac
576 695 879 763 sollicitior,
902 698 964 749 ut
988 695 1080 765 qui
1103 694 1350 749 homines
1375 694 1609 764 deosque
1633 697 1799 749 testes

99 772 397 825 facinorum
442 790 506 826 ac
549 770 791 825 vindices
836 770 1050 842 timeat,
1103 788 1165 824 eo
1213 770 1526 841 perductus,
1572 772 1636 823 ut
1687 787 1799 823 non

100 846 263 901 liceat
293 846 374 900 illi
406 849 613 899 mutare
643 862 834 899 mores.
865 843 986 898 Hoc
1009 844 1154 898 enim
1187 845 1328 899 inter
1360 847 1536 898 cetera
1566 844 1653 899 vel
1683 862 1799 914 pes·

31 940 78 976 10
99 921 297 974 simum
329 919 495 974 habet
525 918 838 973 crudelitas:
869 920 1321 989 perseverandum
1354 922 1435 973 est
1464 937 1565 973 nec
1596 919 1662 972 ad
1693 938 1801 973 me-

98 995 236 1049 liora
280 997 433 1064 patet
478 1012 776 1064 regressus3
824 993 1026 1047 scelera
1071 994 1210 1047 enim
1262 994 1554 1048 sceleribus
1600 994 1801 1047 tuenda

99 1072 242 1123 sunt.
303 1068 445 1133 Quid
483 1072 663 1122 autem
705 1087 767 1122 eo
808 1068 1098 1139 infeliciuS,
1130 1069 1216 1122 cui
1247 1068 1356 1122 iam
1389 1086 1505 1123 esse
1537 1069 1680 1122 malo
1712 1086 1802 1122 ne-

100 1161 246 1198 cesse
276 1143 396 1197 est?
442 1141 488 1197 Ο
519 1142 882 1198 miserabilem
915 1143 1085 1213 illum,
1118 1143 1222 1197 sibi
1255 1144 1417 1198 certe!
1449 1162 1575 1196 nam
1607 1143 1799 1198 ceteris

102 1218 343 1273 misereri
377 1218 492 1271 eius
523 1218 675 1271 nefas
714 1218 808 1287 sit,
848 1217 941 1287 qui
982 1217 1236 1273 caedibus
1276 1236 1337 1271 ac
1375 1218 1580 1288 rapinis
1611 1221 1800 1288 poten-

33 1314 76 1350 ιε
104 1295 235 1348 tiam
279 1293 541 1362 exercuit,
583 1293 677 1363 qui
721 1296 974 1362 suspecta
1022 1293 1124 1347 sibi
1167 1295 1361 1346 cuncta
1406 1292 1642 1347 reddidit
1686 1295 1799 1346 tam

100 1373 318 1423 externa
357 1386 518 1438 quam
559 1368 876 1435 domestica,
916 1385 1035 1421 cum
1077 1386 1227 1422 arma
1266 1370 1493 1436 metuat,
1540 1368 1607 1421 ad
1654 1387 1802 1422 arma

101 1443 440 1514 confugiens,
483 1461 592 1496 non
643 1443 938 1497 amicorum
988 1443 1114 1496 fidei
1157 1442 1403 1512 credens,
1448 1461 1558 1497 non
1607 1443 1801 1512 pietati

98 1518 418 1582 liberorum3
448 1517 557 1588 qui,
588 1516 678 1571 ubi
713 1517 1110 1587 circumspexit,
1135 1536 1381 1588 quaeque
1405 1517 1534 1572 fecit
1557 1536 1800 1588 quaeque

102 1593 343 1646 facturus
384 1596 488 1662 est,
528 1595 583 1646 et
625 1591 1005 1646 conscientiam
1050 1611 1205 1646 suam
1250 1592 1464 1663 plenam
1511 1592 1802 1647 sceleribus

31 1687 78 1723 no
101 1685 163 1721 ac
206 1667 492 1722 tormentis
534 1667 836 1737 adaperuit,
879 1685 1037 1738 saepe
1088 1670 1314 1721 mortem
1362 1667 1541 1737 timet,
1588 1666 1801 1738 saepius

101 1745 278 1814 optat,
309 1741 535 1796 invisior
573 1742 677 1796 sibi
710 1760 867 1812 quam
910 1742 1281 1796 servientibus
1344 1740 1391 1795 E
1434 1742 1704 1797 contrario
1737 1742 1799 1805 ie,

101 1817 186 1871 cui
219 1834 376 1871 curae
407 1819 535 1870 sunt
566 1817 830 1885 universa,
862 1817 954 1886 qui
986 1815 1092 1871 alia
1122 1817 1311 1889 magis,
1344 1816 1449 1870 alia
1481 1815 1661 1870 minus
1686 1820 1799 1870 tue-

99 1895 210 1961 tur,
238 1892 445 1945 nullam
477 1909 587 1945 non
626 1891 704 1945 rei
745 1891 994 1961 publicae
1034 1895 1241 1962 partem
1283 1894 1558 1962 tamquam
1592 1891 1676 1944 sui
1707 1910 1802 1945 nu·

101 1966 214 2035 trit,
244 1965 534 2022 inclinatus
566 1966 634 2019 ad
665 1965 899 2036 mitiora,
931 1966 1109 2037 etiam,
1143 1967 1187 2020 si
1221 1985 1287 2020 ex
1318 1985 1419 2020 usu
1452 1970 1535 2020 est
1566 1966 1803 2020 animad-

32 2061 78 2098 η
102 2045 327 2109 vertere,
358 2040 660 2111 ostendens,
692 2059 853 2111 quam
885 2040 1089 2096 invitus
1121 2060 1310 2112 aspero
1343 2040 1578 2096 remedio
1611 2060 1801 2096 manus

100 2115 406 2184 admoveat,
446 2115 501 2169 in
542 2115 694 2169 cuius
734 2115 912 2169 animo
951 2116 1090 2170 nihil
1129 2115 1348 2187 hostile,
1395 2116 1533 2170 nihil
1580 2117 1800 2171 efferum

100 2194 203 2257 est,
244 2191 338 2260 qui
378 2191 675 2261 potentiam
716 2208 867 2244 suam
916 2189 1124 2261 placide
1158 2209 1219 2246 ac
1251 2191 1560 2246 salutariter
1591 2194 1800 2245 exercet

99 2264 399 2336 adprobare
440 2265 652 2336 inperia
702 2283 800 2320 sua
851 2265 1059 2321 civibus
1113 2266 1358 2337 cupienS,
1410 2266 1540 2320 felix
1589 2266 1799 2320 abunde

172 2420 191 2455 ι
226 2410 286 2455 ad
316 2411 426 2455 18¹
561 2421 584 2456 2
615 2410 698 2458 ino
720 2417 797 2458 ΒΡ
932 2414 1099 2460 acerbo
1133 2415 1182 2459 et
1218 2413 1522 2471 sanguinario
1548 2417 1712 2458 Art?

97 2478 120 2515 4
153 2472 208 2516 ut
241 2470 377 2517 Geren
408 2473 457 2516 et
487 2475 557 2516 01
691 2480 717 2517 ο
747 2471 957 2519 obiectat
988 2477 1062 2518 ΔΒ
1102 2473 1312 2520 abiectat
1342 2478 1378 2518 1·
1416 2473 1658 2519 obiectant
1689 2471 1800 2532 (abi.

96 2533 148 2586 1.)
177 2533 211 2574 0
361 2544 484 2576 omn.
527 2545 680 2577 rerum
722 2532 878 2589 (rebus
916 2535 1098 2591 ΔΒΗ)
1140 2534 1305 2579 noxior
1344 2537 1375 2578 0
1419 2547 1532 2580 corr.
1567 2533 1698 2579 Koch

98 2597 120 2633 '1
152 2589 342 2636 homine
370 2592 414 2647 (e
444 2604 501 2636 ex
531 2591 546 2636 i
578 2593 633 2648 B)
661 2595 748 2636 18
897 2594 1041 2639 testes
1075 2606 1128 2638 ac
1165 2593 1379 2639 uindices
1418 2592 1508 2639 fac.
1540 2597 1705 2637 An?

99 2657 124 2693 s
155 2649 367 2695 uindicet
397 2653 484 2694 18
514 2664 629 2697 corr.
652 2666 709 2697 m.
742 2665 826 2699 roe.
859 2653 912 2699 in
934 2657 973 2697 Β
1092 2662 1139 2698 n
1171 2656 1327 2699 autem
1361 2667 1462 2698 meo
1494 2657 1580 2697 ΠΒ
1702 2665 1802 2698 esse

99 2708 273 2754 malum
306 2713 425 2754 110?
465 2708 642 2755 malum
685 2724 786 2757 esse
818 2714 893 2756 ΔΙ
1043 2721 1089 2757 18
1122 2726 1229 2758 nam
1274 2714 1321 2758 te
1366 2715 1431 2770 (te
1462 2727 1562 2771 exp.
1595 2726 1652 2757 m.
1689 2713 1732 2768 1)
1763 2715 1803 2755 Π

171 2769 381 2826 e(a)eteri
414 2772 500 2813 ¹2
627 2778 674 2814 ιι
705 2773 923 2829 suscepta
952 2776 990 2816 Δ
1124 2780 1170 2817 is
1201 2786 1322 2829 quae
1354 2772 1467 2818 fecit
1501 2778 1526 2816 8
1558 2787 1642 2818 om.
1675 2774 1712 2815 Δ

97 2836 141 2873 n
167 2827 205 2873 Β
227 2842 310 2874 on.
337 2833 371 2872 1.
452 2828 540 2885 Λίβυ
557 2833 596 2873 11
686 2838 788 2889 πᾳ.
807 2830 973 2891 (non)
1000 2831 1096 2877 alia
1114 2833 1345 2880 Rossbach
1362 2831 1509 2893 (vix)
1536 2846 1576 2877 a.
1595 2831 1804 2878 Eussner

169 2895 220 2933 u
250 2887 505 2933 inclinatu·
530 2893 567 2933 Α
600 2891 696 2934 -tos
728 2893 761 2934 0
882 2893 931 2938 et
962 2890 1000 2937 si
1033 2896 1070 2936 Δ
1200 2901 1250 2937 25
1281 2891 1459 2938 inuitus
1485 2896 1522 2936 Δ
1553 2890 1745 2936 inuidus
1770 2894 1801 2934 0

169 2954 217 2992 n
250 2946 649 3010 salubriter-Ar!
798 2957 849 2995 ιο
881 2950 1166 3009 adprobaret
1196 2957 1236 2996 Π
1279 2964 1379 2997 -are
1412 2953 1460 2998 et
1493 2952 1631 2999 Gertz
