2020 3132
207 109 311 162 108
737 109 788 154 L.
819 108 1056 154 ANNAEI
1081 107 1360 154 'SENECAE

145 260 172 299 4
204 245 458 299 Pollioni*
478 243 660 299 Annio
698 245 894 299 iacenti
936 246 1167 300 obsceno
1211 246 1374 299 verbo
1419 264 1547 299 usus
1591 246 1798 300 dixerat
1840 266 1896 301 se

203 323 472 374 facturum
510 319 590 389 id,
628 321 774 390 quod
813 320 927 389 pati
965 319 1223 390 malebat3
1269 325 1323 372 et
1361 338 1482 373 cum
1516 321 1776 374 Pollionis
1809 322 1896 374 ad-

204 396 512 449 tractiorem
538 395 758 447 vidisset
781 395 1037 448 frontem:
1063 394 1374 465 ‘Quidquid’
1394 395 1572 464 inquit
1598 396 1744 448 ‘mali
1770 396 1895 464 dixi,

205 468 338 522 mihi
379 473 433 522 et
471 469 636 538 capiti
675 470 828 522 meo.'
893 468 1013 522 Hoc
1052 469 1254 522 dictum
1294 489 1450 522 suum
1491 470 1603 538 ipse
1634 471 1898 523 narrabat.

146 558 171 597 5
207 544 491 596 Hominem
525 547 634 596 tam
668 546 846 612 palam
871 544 1161 597 obscenum
1194 545 1259 596 ad
1285 545 1454 598 fasces
1488 547 1540 597 et
1573 545 1638 596 ad
1663 546 1901 598 tribunal

205 618 506 671 admisisti?
555 637 747 687 nempe
780 618 908 671 dum
939 622 1172 672 veterem
1204 619 1360 672 illum
1393 618 1651 672 Scaurum
1685 623 1899 672 senatus

204 693 502 763 principem
543 694 749 763 cogitas
795 697 848 746 et
885 693 1103 764 indigne
1140 694 1247 746 fers
1288 694 1530 747 subolem
1570 694 1683 746 eius
1715 693 1900 748 iacere.

27 777 205 822 XXXII
233 782 254 821 1
332 769 484 821 Idem
512 769 684 834 facere
715 768 840 820 deos
872 768 986 820 veri
1025 767 1200 821 simile
1231 771 1327 837 est,
1358 771 1420 821 ut
1451 769 1585 820 alios
1624 768 1900 839 indulgen-

207 843 314 895 tius
347 845 580 896 tractent
604 845 826 912 propter
849 845 1095 911 parentes
1120 861 1370 912 avosque,
1402 843 1537 896 alios
1569 846 1789 912 propter
1818 844 1901 896 fu-

205 920 381 970 turam
428 920 686 986 nepotum
737 921 1200 986 pronepotumque
1248 935 1310 971 ac
1354 919 1515 989 longe
1562 918 1900 987 sequentium

205 995 546 1061 posterorum
588 991 845 1062 indolem,
884 996 1015 1044 nota
1054 993 1195 1044 enim
1228 993 1338 1046 illis
1379 996 1460 1045 est
1499 992 1677 1062 operis
1711 992 1793 1045 sui
1827 1012 1902 1046 se-

206 1067 333 1136 ries,
374 1066 720 1136 omniumque
758 1067 868 1119 illis
907 1085 1086 1119 rerum
1125 1085 1220 1136 per
1252 1085 1442 1120 manus
1482 1085 1604 1120 suas
1637 1068 1900 1119 iturarum

206 1141 430 1195 scientia
461 1141 516 1193 in
549 1144 733 1210 aperto
768 1159 976 1211 semper
1008 1144 1110 1210 est,
1142 1141 1297 1195 nobis
1330 1160 1394 1195 ex
1427 1141 1608 1194 abdito
1642 1141 1803 1210 subit,
1834 1144 1902 1210 et,

207 1234 343 1286 quae
382 1216 662 1284 repentina
693 1219 969 1284 putamus,
1009 1215 1118 1269 illis
1151 1216 1367 1285 provisa
1398 1216 1622 1269 veniunt
1659 1235 1721 1269 ac
1751 1216 1901 1268 fami-

147 1305 171 1342 2
205 1291 373 1344 liaria.
424 1289 566 1343 ‘Sint
597 1290 654 1342 hi
685 1308 855 1360 regeS,
894 1291 1020 1360 quia
1051 1291 1280 1344 maiores
1313 1309 1499 1344 eorum
1532 1309 1639 1344 non
1670 1290 1903 1359 fuerunt,

207 1365 334 1435 quia
365 1384 462 1434 pro
497 1384 706 1418 summo
740 1365 946 1434 inperio
979 1365 1286 1418 habuerunt
1324 1365 1602 1435 iustitiam,
1633 1365 1902 1419 abstinen-

207 1440 364 1510 tiam,
404 1439 531 1510 quia
563 1458 671 1492 non
704 1458 817 1493 rem
850 1439 1120 1509 publicam
1155 1440 1280 1510 sibi,
1321 1441 1411 1493 sed
1452 1459 1507 1493 se
1546 1440 1624 1492 rei
1655 1440 1901 1510 publicae

208 1516 530 1568 dicaverunt.
587 1514 837 1585 Regnent
879 1514 960 1583 hi,
1003 1516 1130 1584 quia
1173 1516 1255 1567 vir
1296 1515 1469 1568 bonus
1514 1515 1730 1584 quidam
1779 1517 1902 1568 ante

208 1607 439 1659 proavus
465 1607 650 1642 eorum
674 1589 794 1657 fuit,
826 1590 919 1658 qui
952 1590 1189 1642 animum
1223 1609 1386 1658 supra
1415 1590 1688 1643 fortunam
1720 1589 1902 1661 gessit,

209 1666 304 1733 qui
327 1664 385 1717 in
409 1664 737 1717 dissensione
763 1663 924 1733 civili,
957 1665 1212 1732 quoniam
1244 1665 1321 1717 ita
1352 1664 1669 1734 expediebat
1698 1666 1774 1717 rei
1807 1683 1902 1733 pu-

206 1739 393 1808 blicae,
424 1738 567 1791 vinci
593 1757 753 1808 quam
778 1739 987 1792 vincere
1013 1739 1225 1809 maluit3
1256 1739 1441 1792 referri
1474 1739 1648 1809 gratia
1679 1739 1759 1792 illi
1790 1741 1902 1791 tam

206 1814 370 1884 longo
404 1813 579 1883 spatio
612 1831 721 1866 non
753 1813 956 1882 potuit3
987 1813 1044 1866 in
1068 1813 1215 1867 illius
1241 1817 1542 1883 respectum
1569 1814 1672 1866 iste
1698 1813 1901 1883 populo

207 1888 522 1956 praesideat,
562 1907 670 1941 non
704 1888 830 1957 quia
863 1888 965 1942 scit
997 1891 1091 1941 aut
1121 1891 1316 1957 potest,
1351 1888 1443 1941 sed
1476 1888 1602 1957 quia
1633 1888 1770 1940 alius
1801 1905 1901 1958 pro

150 1977 174 2016 3
208 1964 302 2016 illo
342 1962 554 2015 meruit.
611 1961 715 2014 Hic
755 1980 976 2032 corpore
1009 1962 1263 2016 deformis
1296 1966 1392 2032 est,
1426 1963 1683 2031 'adspectu
1714 1962 1902 2015 foedus

208 2041 262 2090 et
294 2040 608 2090 ornamenta
642 2055 737 2090 sua
762 2038 1126 2108 traducturus3
1159 2037 1266 2090 iam
1299 2056 1383 2090 me
1414 2038 1661 2091 homines
1694 2056 1903 2091 accusa-

206 2113 364 2182 bunt,
413 2130 628 2165 caecum
668 2130 730 2164 ac
768 2113 1108 2165 temerarium
1153 2112 1353 2177 dicent,
1399 2112 1746 2179 nescientem,
1795 2130 1900 2181 quo

206 2189 341 2256 1000,
375 2205 510 2256 quae
542 2186 765 2239 summis
790 2191 952 2256 atque
976 2187 1350 2240 excelsissimis
1376 2187 1651 2254 debentur,
1682 2205 1902 2255 ponam,

207 2264 263 2314 at
303 2280 402 2332 ego
446 2262 555 2314 scio
597 2260 690 2313 alii
729 2280 812 2314 me
854 2262 999 2314 istud
1041 2262 1189 2331 dare,
1229 2261 1322 2314 alii
1356 2261 1483 2314 olim
1526 2261 1766 2314 debitum
1800 2261 1901 2313 sol-

283 2417 303 2451 1
333 2407 518 2453 iacente
548 2408 611 2451 13¹
705 2408 827 2452 uebo
858 2409 922 2451 Nl
1041 2417 1064 2452 2
1097 2410 1144 2454 et
1176 2423 1281 2453 cum
1307 2444 1316 2453 .
1343 2444 1353 2453 .
1378 2408 1535 2465 inquit
1565 2422 1651 2453 om.
1682 2413 1722 2451 N
1750 2409 1901 2465 suppl.

201 2482 276 2525 pr.
302 2482 415 2513 corr.
524 2467 905 2521 adtractatiorem
936 2473 974 2510 R
1093 2477 1118 2512 8
1151 2468 1261 2524 dixi,
1297 2468 1466 2528 (dixi)
1494 2468 1844 2514 OFWMuener

206 2537 230 2571 4
261 2527 327 2571 mi
349 2531 435 2571 NR
465 2526 610 2571 michi
633 2526 696 2570 ΝΞ
816 2536 838 2570 5
862 2527 989 2572 faces
1013 2528 1076 2570 Nl
1197 2537 1216 2570 7
1251 2528 1507 2585 cogitasset
1536 2527 1633 2572 ind.
1659 2532 1690 2570 0
1723 2526 1901 2584 cogitas

206 2587 303 2631 ind.
330 2591 366 2631 G
469 2595 492 2630 8
523 2587 652 2630 Idem
682 2586 836 2631 facere
868 2587 975 2632 add.
995 2589 1096 2645 My.
1121 2589 1216 2645 (sed
1238 2589 1324 2643 cfr.
1343 2589 1554 2641 Killa-ner,
1573 2587 1653 2632 Gr.
1676 2586 1904 2631 Gramm.⁸

207 2648 272 2691 II
287 2647 458 2701 2‚579)
590 2655 614 2689 9
648 2660 851 2702 auosque
883 2647 1037 2690 facere
1068 2652 1106 2690 V
1236 2656 1278 2690 11
1311 2646 1520 2691 subolem
1555 2647 1904 2692 GFWMuener

280 2707 384 2750 rota
407 2705 468 2748 Νι
559 2714 604 2749 12
637 2720 743 2750 suas
775 2719 859 2763 per
881 2721 941 2751 m.
968 2711 1044 2749 GP
1134 2707 1358 2751 iterarum
1382 2706 1443 2749 3¹
1539 2715 1585 2749 15
1617 2705 1686 2748 hii
1710 2705 1903 2748 wne?

282 2765 394 2824 non]
419 2779 503 2810 om.
519 2769 558 2808 V
582 2765 694 2810 boni
723 2766 856 2811 Gertz
947 2774 994 2809 16
1009 2780 1074 2823 sq.
1099 2767 1181 2822 qui
1205 2801 1215 2810 .
1243 2801 1253 2810 .
1278 2766 1360 2822 qui
1388 2766 1519 2810 ἂναὶ.
1611 2764 1792 2821 inperio
1817 2778 1902 2808 om.

208 2830 287 2868 FG
387 2833 431 2868 1⁷
464 2825 530 2869 rei
564 2827 596 2882 f)
630 2824 719 2869 dic.
753 2830 792 2868 N
822 2826 1032 2871 similiter
1065 2829 1095 2868 0
1126 2826 1279 2882 reipre
1311 2825 1589 2869 dicauerunt
1617 2829 1657 2866 B.
1758 2831 1804 2867 18
1834 2823 1903 2866 hii

207 2888 334 2927 NR?
454 2893 500 2927 21
531 2884 737 2944 gratiafll
766 2885 864 2940 (sub
895 2899 986 2929 ras.
1019 2886 1083 2941 m)
1115 2890 1154 2928 N
1256 2885 1328 2929 illi
1361 2884 1517 2941 gratia.
1549 2888 1625 2926 GP
1745 2891 1791 2925 27
1826 2893 1903 2926 ex-

209 2943 554 2988 cellentissimis
587 2959 613 2992 ς
742 2952 790 2987 28
822 2943 886 2988 ali
916 2948 955 2987 N
995 2944 1087 2988 alio
1117 2944 1221 2988 1³²0
1336 2944 1429 2988 allio
1463 2947 1494 2986 0
1601 2942 1812 2987 debitam
1841 2942 1903 2985 Nl

1927 939 1969 970 10

1928 1311 1968 1343 15

1927 1684 1968 1717 20

1927 2059 1969 2091 25
