2020 3132
411 118 491 162 DE
523 116 857 162 BENEFICIIS
889 117 999 162 LIB.
1030 117 1094 162 111
1125 117 1253 163 CAP.
1289 122 1357 163 1⁷.
1394 122 1447 161 18
1706 117 1777 170 63

82 254 300 308 amisit?
346 255 532 308 Testes
579 255 915 326 ingratorum
960 255 1202 307 omnium
1241 253 1370 307 deos
1411 254 1626 323 metuit,
1671 253 1781 307 urit

84 331 237 383 illum
269 333 325 382 et
353 331 508 401 angit
549 330 833 398 intercepti
871 328 1119 383 beneficii
1162 330 1512 399 conscientia3
1552 329 1781 398 denique

83 403 215 457 satis
245 403 378 458 haec
408 406 527 474 ipsa
557 422 733 473 poena
763 421 960 475 magna
992 407 1087 473 est,
1124 403 1269 473 quod
1298 404 1392 473 rei,
1431 407 1493 457 ut
1524 403 1781 472 dicebam,

82 478 496 532 iucundissimae
551 479 789 532 fructum
835 495 947 531 non
991 478 1238 548 percipit.
1302 477 1377 531 At
1424 497 1585 548 quem
1632 478 1783 531 iuvat

36 576 56 609 ⁵
81 553 363 623 accepisse,
394 554 604 623 aequali
635 556 1004 623 perpetuaque
1034 553 1317 623 voluptate
1356 553 1556 606 fruitur
1586 556 1640 607 et
1671 553 1780 606 ani—

83 646 228 681 mum
261 630 392 697 eiua,
424 648 455 682 a
480 647 587 698 quo
618 628 842 697 accepit,
863 646 974 681 non
997 646 1111 681 rem
1143 627 1359 682 intuens
1392 628 1604 699 gaudet.
1653 626 1782 681 Gra-

81 707 198 755 tum
244 702 520 757 hominem
568 721 780 772 semper
831 702 1151 756 beneficium
1201 703 1451 774 delectat,
1506 703 1781 774 ingratum

83 779 263 831 semel.
311 777 604 848 Conparari
627 780 807 848 autem
833 780 1015 846 potest
1038 778 1318 848 utriusque
1341 777 1469 847 vita,
1500 795 1623 831 cum
1648 778 1783 832 alter

81 853 254 906 tristis
285 854 358 907 sit
387 858 442 906 et
484 853 774 921 soUicituS,
814 852 987 922 qualis
1028 871 1144 906 esse
1183 853 1446 906 infitiator
1477 871 1537 906 ac
1566 853 1783 906 fraudu-

14 951 60 983 ιο
84 929 263 981 lentus
294 927 449 996 solet,
481 927 625 997 apud
658 945 817 996 quem
850 945 962 980 non
993 927 1316 998 parentium,
1349 928 1443 998 qui
1477 927 1650 997 debet,
1689 927 1782 981 ho-

81 1020 183 1056 nor
213 1006 309 1071 est,
339 1021 449 1055 non
481 1002 802 1070 educatoriS,
831 1019 942 1054 non
972 1006 1395 1073 praeceptorum,
1427 1003 1564 1056 alter
1594 1002 1783 1073 laetus,

84 1077 295 1146 hilaris,
340 1077 676 1130 occasionem
714 1076 1022 1129 referendae
1062 1077 1266 1147 gratiae
1306 1080 1595 1146 expectans
1631 1080 1685 1130 et
1717 1096 1783 1130 ex

82 1152 186 1206 hoc
215 1153 334 1223 ipso
366 1151 582 1205 adfectu
621 1151 879 1223 gaudium
911 1150 1113 1222 grande
1153 1151 1458 1222 percipiens
1493 1170 1592 1205 nec
1625 1171 1781 1222 quae-

82 1247 230 1295 rens,
276 1227 546 1298 quomodo
593 1227 879 1296 decoquat,
934 1227 1028 1280 sed
1072 1226 1524 1296 quemadmodum
1571 1227 1783 1297 plenius

16 1323 59 1356 ιε
83 1303 407 1372 uberiusque
441 1301 761 1371 respondeat
790 1320 900 1354 non
932 1302 1108 1355 solum
1151 1302 1465 1371 parentibus
1498 1306 1552 1356 et
1583 1302 1785 1371 amicis»,

84 1379 177 1431 sed
231 1377 613 1431 humilioribus
661 1394 877 1446 quoque
924 1377 1207 1447 personis?
1261 1376 1405 1430 Nam
1452 1377 1614 1431 etiam
1663 1377 1708 1430 si
1753 1395 1784 1429 a

84 1471 237 1506 servo
271 1471 370 1505 suo
409 1451 732 1506 beneficium
772 1452 1002 1521 accepit,
1034 1451 1304 1522 aestimat,
1336 1470 1446 1506 non
1474 1471 1505 1505 a
1536 1470 1659 1522 qu0,
1691 1451 1784 1505 sed

84 1527 215 1598 quid
245 1528 523 1597 acceperit.

160 1602 495 1673 Quamquam
530 1601 807 1670 quaeritur
837 1619 867 1653 a
900 1600 1236 1671 quibusdam,
1268 1601 1408 1654 sicut
1441 1601 1507 1654 ab
1540 1600 1709 1654 Heca·
1758 1616 1780 1654 1

16 1695 63 1729 n
83 1681 234 1747 tone,
281 1695 350 1731 an
395 1676 715 1730 beneficium
759 1675 884 1728 dare
928 1693 1112 1729 servus
1155 1675 1373 1729 domino
1413 1676 1599 1745 possit,
1649 1674 1788 1729 Sunt

86 1752 246 1822 enim,
277 1752 370 1821 qui
394 1751 472 1805 ita
503 1751 855 1821 distinguant,
888 1751 1150 1820 quaedam
1182 1750 1442 1804 beneficia
1465 1769 1595 1820 esse,
1629 1768 1788 1820 quae-

86 1827 208 1880 dam
241 1825 436 1894 officia,
468 1826 727 1895 quaedam
761 1825 1082 1894 ministeria3
1121 1825 1440 1878 beneficium
1473 1843 1609 1890 esse,
1643 1825 1785 1895 quod

86 1901 294 1955 alienus
325 1901 418 1955 det
464 1899 694 1962 (alienus
726 1903 830 1969 est,
868 1900 960 1969 qui
995 1868 1173 1984 potuit
1212 1900 1328 1953 sine
1375 1899 1788 1970 reprehensione

88 1974 339 2050 cessare);
379 1976 618 2029 officium
651 1993 766 2028 esse
804 1974 928 2043 filii,
959 1975 1166 2043 uxoris,
1207 1993 1389 2029 earum
1424 1993 1788 2045 personarum,

0 2063 63 2104 m
87 2069 220 2121 quas
251 2044 590 2105 necessitudo
631 2050 856 2104 suscitat
888 2052 943 2103 et
973 2049 1114 2103 ferre
1147 2068 1303 2119 opem
1337 2049 1509 2121 iubet3
1548 2050 1788 2103 ministe-

85 2125 226 2179 rium
259 2143 375 2179 esse
406 2125 570 2193 servi,
614 2142 775 2194 quem
806 2123 1051 2178 condicio
1083 2143 1180 2178 sua
1211 2142 1274 2178 eo
1314 2124 1435 2179 loco
1484 2125 1687 2195 posuit,
1728 2127 1788 2177 ut

0 2250 2 2284 Ι
88 2199 224 2253 nihil
257 2218 458 2268 eorum,
490 2217 626 2269 quae
658 2201 912 2269 praestat,
944 2197 1158 2269 inputet
1190 2199 1470 2268 superiori.
1474 2198 1506 2233 *

0 2291 3 2332 ι
162 2273 445 2328 Praeterea
481 2291 695 2327 servum
740 2273 831 2343 qui
870 2276 1036 2345 negat
1075 2273 1200 2326 dare
1239 2273 1527 2343 aliquando
1569 2272 1787 2326 domino

87 2348 423 2417 beneficium,
454 2348 672 2418 ignarus
703 2351 787 2401 est
818 2346 951 2401 iuris
982 2347 1227 2419 humani3
1258 2348 1421 2402 refert
1445 2348 1606 2414 enim,
1638 2348 1787 2401 cuius

162 2489 209 2525 n
244 2482 450 2526 Hecaton
480 2481 540 2536 fr.
571 2481 702 2526 XIV
719 2480 903 2527 Fowler

164 2608 182 2644 ι
216 2599 328 2644 deos
360 2614 451 2645 non
492 2601 662 2645 metuit
691 2604 726 2643 Ρ
860 2608 885 2643 ⁸
916 2601 1029 2645 satis
1061 2605 1086 2646 ὁ
1122 2601 1239 2647 haec
1270 2601 1331 2645 Β*
1466 2610 1490 2645 4
1521 2598 1732 2658 pepercit
1763 2603 1790 2642 8

162 2667 186 2702 ι
216 2659 463 2705 uoluntate
495 2666 522 2704 ⁸
641 2668 667 2703 ο
697 2659 882 2717 accepit
911 2663 993 2704 18
1025 2660 1202 2718 accipit
1231 2661 1340 2705 120
1461 2670 1509 2704 ιο
1539 2661 1789 2718 parentum

86 2717 200 2763 1¹1
320 2728 367 2763 ιε
399 2732 491 2764 non
523 2733 723 2777 querens
751 2722 796 2763 Ι
918 2727 962 2764 1⁸
995 2724 1043 2765 et
1073 2734 1158 2766 om.
1184 2721 1246 2764 1¹
1366 2729 1413 2764 ιο
1445 2719 1551 2765 Νοιι
1584 2719 1725 2764 etiam
1757 2722 1790 2761 P

160 2786 205 2822 ιτ
238 2779 414 2848 accipit
444 2783 476 2823 0
518 2794 633 2827 corr.
665 2797 702 2824 ω
824 2778 906 2825 ned
951 2779 1077 2836 qnod
1108 2784 1154 2824 Ι
1304 2788 1350 2824 18
1382 2778 1609 2837 acciperit
1638 2778 1701 2822 11¹

87 2846 136 2882 η
165 2841 392 2895 mysteria
414 2839 480 2883 1¹
594 2848 643 2884 u
676 2837 742 2884 mi
767 2838 828 2882 ¹¹
921 2852 1174 2896 earumque
1198 2839 1261 2883 8⁸
1373 2847 1422 2883 2⁵
1455 2841 1503 2884 et
1533 2838 1705 2884 referre
1733 2837 1789 2882 θ’

161 2905 208 2942 82
234 2898 435 2944 Eiet-m
464 2900 628 2945 stanit
646 2899 771 2955 Lpe..
801 2897 836 2955 ,ς
857 2901 891 2943 2
912 2903 952 2943 a
976 2902 1006 2944 8
1027 2904 1275 2945 commutat
1306 2898 1515 2957 Sonntaq
1612 2905 1662 2942 ss
1694 2910 1789 2942 ser-

89 2969 198 3002 num
228 2961 268 3002 Ι
307 2971 469 3004 seruus
501 2962 534 3003 0
573 2971 731 3004 seruo·
756 2961 793 3001 V

1815 267 1840 306 3

1815 1602 1963 1647 XVIII
