2020 3132
412 66 493 110 DE
526 65 860 111 BENEFICHS
892 66 1003 111 LIB.
1035 65 1099 111 VI
1130 65 1258 111 CAP.
1293 71 1464 111 39-41
1686 67 1786 119 177

94 221 228 272 quae
259 202 420 255 etiam
455 202 560 256 sibi
590 203 749 256 fateri
782 203 967 273 pudet!
1008 221 1170 272 quam
1210 222 1400 272 pauca,
1442 222 1577 274 quae
1615 204 1790 259 facere

93 295 272 330 coram
303 281 442 331 teste
473 277 766 348 possimus!

167 349 273 405 Sed
311 370 436 422 non,
474 352 735 422 quidquid
777 352 1297 423 reprehendendum,
1340 354 1502 406 etiam
1537 353 1679 406 dam·
1729 364 1752 403 1
1779 359 1971 403 XXXIX

90 426 327 479 nandum
366 431 473 494 est,
511 428 651 481 sicut
681 427 785 480 hoc
815 431 1001 481 votum
1035 427 1217 492 amici,
1258 428 1401 497 quod
1446 428 1502 480 in
1543 428 1790 482 manibus

46 522 65 554 5
91 504 194 568 est,
234 501 372 554 male
411 501 614 555 utentis
657 502 799 555 bona
838 501 1116 555 voluntate
1156 505 1211 555 et
1249 502 1306 555 in
1345 503 1400 555 id
1432 503 1625 556 vitium
1658 504 1790 556 inci-

91 576 281 643 dentis,
314 576 459 645 quod
483 576 707 639 devitat3
739 595 864 630 nam
891 577 1018 630 dum
1051 580 1267 646 gratum
1299 578 1538 630 animum
1571 578 1792 631 festinat

90 651 385 719 ostendere,
424 652 670 722 ingratus
708 654 801 705 est.
853 650 973 705 Hoc
1012 653 1108 705 ait:
1150 650 1234 704 ‘In
1264 655 1587 722 potestatem
1619 670 1790 706 meam
1825 667 1849 706 2

91 725 315 794 recidat,
358 727 590 797 gratiam
629 744 803 779 meam
844 726 1132 795 desideret,
1178 726 1293 779 sine
1334 745 1419 779 me
1452 727 1654 796 salvus,
1697 728 1790 780 ho-

91 804 289 868 nestuS,
321 803 471 854 tutus
495 818 613 854 esse
635 819 744 854 non
770 802 955 870 possit,
987 804 1098 854 tam
1123 801 1285 854 miser
1311 802 1397 870 sit,
1428 805 1490 855 ut
1521 803 1603 855 illi
1635 803 1791 856 bene—

0 890 67 931 Ιιο
90 874 198 927 ficii
229 875 351 928 loco
385 876 471 943 sit,
504 874 767 944 quidquid
797 874 1074 928 redditur.'
1131 875 1279 929 Haec
1311 876 1392 928 dis
1425 877 1790 931 audientibus:

91 947 545 1003 ‘Circumveniant
576 950 728 1003 illum
764 950 1088 1004 domesticae
1113 950 1353 1019 insidiae,
1386 969 1519 1020 quas
1544 969 1646 1022 ego
1670 970 1791 1021 pos-

89 1023 191 1076 sim
231 1025 378 1077 solus
416 1024 742 1094 obprimere,
782 1025 948 1078 instet
987 1028 1179 1095 potens
1219 1025 1469 1080 inimicus
1510 1029 1564 1079 et
1595 1027 1790 1098 graviS‚

90 1098 284 1152 infesta
321 1099 482 1153 turba
518 1116 618 1153 nec
656 1099 891 1169 inermis,
931 1099 1162 1153 creditor
1192 1104 1437 1171 urgueat,
1478 1102 1788 1154 accusator.'

90 1171 243 1242 Vide,
273 1191 431 1243 quam
465 1175 538 1228 sis
570 1192 794 1244 aequus:
833 1174 1026 1227 horum
1060 1178 1275 1244 optares
1305 1175 1460 1244 nihil,
1492 1176 1538 1228 si
1570 1175 1672 1229 tibi
1703 1176 1785 1229 be·
1826 1192 1844 1229 1
1875 1183 1954 1227 XL

0 1261 64 1303 m
87 1248 339 1301 neflcium
378 1266 487 1301 non
527 1249 773 1302 dedisset.
829 1248 906 1303 Ut
945 1250 1050 1302 alia
1090 1253 1321 1319 taceam,
1365 1269 1500 1320 quae
1541 1251 1791 1322 graviora

89 1323 367 1376 conmittis
398 1324 633 1393 pessima
671 1342 771 1393 pro
803 1325 1022 1393 optimis
1054 1325 1354 1395 referendo,
1394 1324 1499 1378 hoc
1530 1329 1673 1379 certe
1705 1326 1790 1378 de-

88 1398 311 1467 linquis,
352 1398 495 1467 quod
527 1417 636 1451 non
669 1404 920 1469 expectas
961 1417 1118 1452 suum
1151 1401 1411 1469 cuiusque
1448 1400 1526 1453 rei
1557 1403 1789 1470 tempus,

0 1474 1 1499 l
87 1472 230 1542 quod
272 1490 440 1542 aeque
479 1478 688 1543 peccat,
731 1474 824 1543 qui
863 1492 974 1528 non
1014 1474 1281 1544 sequitur,
1321 1492 1482 1544 quam
1518 1474 1610 1544 qui
1643 1479 1789 1528 ante-

86 1546 239 1600 cedit.
302 1546 583 1611 Quomodo
633 1548 950 1603 beneficium
997 1567 1106 1602 non
1162 1567 1374 1618 semper
1421 1549 1789 1620 recipiendum

0 1641 63 1676 ἰο
86 1625 183 1690 est,
213 1621 292 1675 sic
322 1641 430 1675 non
464 1623 652 1694 utique
683 1623 1027 1677 reddendum.
1069 1622 1127 1677 Si
1159 1623 1295 1677 mihi
1326 1642 1437 1678 non
1463 1625 1787 1678 desideranti
1824 1642 1847 1677 ι»

0 1697 1 1714 ’
85 1695 353 1765 redderes,
394 1698 638 1769 ingratus
670 1716 835 1763 esses;
876 1701 1079 1767 quanto
1112 1698 1378 1769 ingratior
1410 1717 1466 1753 es
1477 1742 1492 1769 ,
1532 1700 1625 1768 qui
1658 1700 1791 1753 desi-

85 1770 267 1824 derare
298 1790 384 1825 me
414 1771 587 1844 cogis!
627 1771 888 1842 Expecta!
931 1791 1095 1843 quare
1125 1773 1398 1827 subsidere
1431 1775 1571 1844 apud
1597 1777 1650 1827 te
1676 1794 1787 1827 mu-

84 1863 185 1899 nus
229 1864 407 1900 meum
450 1865 561 1901 non
599 1847 718 1901 vis?
765 1866 928 1918 quare
969 1848 1270 1934 obligatum
1311 1847 1536 1902 moleste
1568 1853 1614 1902 te
1644 1849 1790 1902 fers?

87 1939 251 1991 qnare
283 1921 438 1991 quasi
470 1940 593 1976 cum
618 1922 811 1976 acerbo
837 1923 1139 1976 feneratore
1164 1923 1378 1995 signare
1402 1925 1667 1977 rationem
1701 1942 1791 1993 pa-

0 2015 62 2067 m
87 2012 199 2048 rem
224 1997 519 2066 properas?
559 1996 688 2067 quid
713 1997 848 2051 mihi
872 1997 1151 2069 negotium
1185 1998 1437 2083 quaeris?
1470 1998 1638 2068 quid
1625 2018 1679 2051 m
1705 2017 1790 2051 me

0 2071 2 2138 ἶ
87 2069 214 2124 deos
245 2070 513 2125 inmittis?
556 2072 826 2141 quomodo
859 2072 1115 2143 exigeres,
1148 2073 1242 2143 qui
1274 2073 1352 2127 sic
1384 2073 1600 2127 reddis?

160 2144 305 2199 Ante
337 2146 519 2198 omnia
557 2164 703 2217 erge,
741 2146 1021 2218 LiberaliS,
1060 2147 1164 2202 hoc
1204 2147 1487 2218 discamus,
1527 2148 1788 2201 beneficia
1818 2162 1834 2200 1
1866 2155 1967 2199 XLI

85 2218 278 2273 debere
308 2238 492 2275 secure
522 2224 577 2275 et
599 2222 906 2276 occasiones
932 2191 1321 2276 reddendorum
1350 2222 1647 2291 observare,
1682 2241 1786 2275 non

86 2312 247 2348 mann
289 2294 478 2349 facere.
541 2293 722 2366 Ipsam
773 2295 911 2351 hanc
952 2297 1301 2368 cupiditatem
1350 2298 1524 2368 primo
1574 2316 1789 2367 quoque

2 2388 63 2424 ,ιο
86 2372 328 2440 tempore
368 2369 631 2423 liberandi
673 2389 730 2424 se
769 2371 1168 2426 meminerimus
1209 2373 1410 2443 ingrati
1450 2390 1587 2442 esse3
1630 2390 1788 2424 nemo

84 2443 226 2497 enim
259 2443 491 2499 libenter
522 2445 708 2514 reddit,
749 2446 894 2516 quod
926 2445 1130 2500 invitus
1163 2447 1335 2515 debet,
1368 2450 1438 2515 et,
1470 2446 1612 2516 quod
1646 2446 1788 2515 apud

158 2614 175 2649 1
210 2605 384 2662 pudeat
421 2607 540 2666 Wsy.
695 2616 719 2651 ί
761 2622 1008 2665 possumus
1042 2613 1077 2653 G
1229 2619 1252 2653 5
1293 2607 1461 2653 uitium
1503 2623 1587 2654 om.
1620 2613 1699 2651 FG

81 2673 107 2708 ο
152 2665 305 2710 euitat
352 2669 383 2710 0
432 2681 544 2711 corr
580 2667 761 2725 Siesbye
913 2677 933 2712 7
985 2667 1113 2713 ‘Hic’
1165 2668 1235 2714 ait
1284 2668 1370 2712 ‘in'
1422 2669 1549 2712 mede.
1598 2667 1694 2712 edd.

82 2733 128 2768 18
158 2728 365 2782 urg(n)et
397 2727 456 2769 11¹
470 2727 527 2770 6·
649 2730 698 2772 et
730 2742 822 2772 acc.
854 2732 891 2772 V
1019 2738 1064 2772 14
1098 2728 1161 2773 sit
1193 2727 1279 2772 tibi
1314 2729 1373 2771 11¹
1496 2737 1543 2771 22
1577 2727 1787 2771 subdesi-

82 2783 191 2829 dere
214 2786 274 2828 1¹
396 2794 445 2829 28
477 2790 521 2831 te
553 2787 662 2831 add.
692 2787 844 2843 Εἶναι,
876 2788 1151 2834 contradicit
1178 2790 1419 2846 Bouryery
1540 2796 1587 2830 n
1622 2800 1787 2831 aceruo

80 2844 188 2887 1⁸1
219 2845 387 2889 arcebo
420 2846 475 2888 0¹
583 2855 632 2890 20
665 2860 834 2903 quomo
866 2847 927 2891 1¹¹
1034 2848 1238 2904 erigeres
1273 2854 1298 2891 Β
1406 2858 1454 2891 28
1487 2861 1646 2891 secure
1680 2846 1787 2891 deb.

81 2907 195 2948 01’8
317 2905 616 2950 occansiones
648 2910 732 2949 ΠΒ
854 2917 903 2951 w
937 2907 1191 2965 cupitatom
1227 2909 1285 2950 ΠΙ

169 2987 335 3021 sonmo
358 2997 472 3028 epm
501 2989 526 3020 1.
554 2991 574 3021 2
599 2988 643 3021 ed
683 2989 862 3023 Hostus
887 2990 930 3023 ed
970 2991 1034 3024 alt.
1465 2987 1516 3024 1⁶2
