2020 3132
52 484 186 528 11V1

96 2349 181 2393 Vl

216 118 326 172 216
753 117 803 161 L.
836 116 1072 161 ANNAEI
1103 116 1377 162 SENECAE

217 256 339 307 data
380 254 526 307 iuius
567 254 762 324 spiritu
800 255 1030 326 regitur,
1067 253 1215 307 illius
1254 254 1461 307 ratione
1500 255 1737 309 flectitur
1767 274 1912 325 pres-

218 348 340 383 sura
384 347 440 382 se
483 347 544 382 ac
587 329 824 381 fractura
877 329 1083 382 viribus
1134 330 1271 397 suis,
1321 330 1426 381 nisi
1477 329 1701 383 consilio
1756 331 1911 383 susti-

217 407 447 456 neretur.

297 477 459 531 Suam
493 477 676 546 itaque
706 477 1132 531 incolumitatem
1165 480 1361 546 amant,
1394 496 1515 531 cum
1548 497 1646 548 pro
1677 498 1785 532 uno
1817 480 1912 532 ho-

215 554 357 606 mine
391 553 552 604 denas
582 552 821 622 legiones
854 553 910 604 in
941 552 1109 606 aciem
1145 552 1426 621 deducunt,
1449 570 1571 606 cum
1597 554 1654 605 in
1683 554 1909 623 primam
1958 579 1978 611 5

215 627 451 681 frontem
493 630 820 696 procurrunt
862 631 915 679 et
957 626 1179 679 adversa
1223 627 1531 680 volneribus
1578 631 1795 696 pectora
1837 629 1910 681 fe-

215 705 358 771 runt,
386 720 454 754 ne
486 701 809 770 inperatoris
851 701 936 754 sui
978 701 1132 771 signa
1162 704 1455 754 vertantur.
1517 700 1615 756 Ille
1655 705 1737 755 est
1768 703 1911 756 enim

216 776 515 845 vinculum,
552 794 649 845 per
689 776 833 844 quod
871 794 955 828 res
986 775 1204 845 publica
1244 775 1518 845 cohaeret,
1557 777 1648 830 ille
1690 776 1911 846 spiritus

216 851 412 919 vitalis,
440 868 599 919 quem
637 850 769 903 haec
806 854 890 903 tot
928 850 1080 903 milia
1117 850 1342 903 trahunt
1384 851 1524 903 nihil
1563 852 1682 920 ipsa
1720 869 1816 921 per
1855 869 1910 904 se

213 926 395 978 futura
426 925 533 978 nisi
566 943 700 978 onus
733 928 787 978 et
816 925 1035 994 praeda,
1069 925 1113 978 si
1147 943 1296 977 mens
1329 925 1423 978 illa
1464 925 1660 995 inperii
1702 927 1909 980 subtra-
1934 951 1978 984 10

213 999 387 1053 hatur.

630 1073 796 1144 ‘Rege
828 1074 1086 1127 incolumi
1118 1092 1269 1127 mens
1304 1074 1556 1128 omnibus
1589 1093 1709 1146 una,

484 1149 681 1201 amisso
713 1167 903 1218 rupere
934 1149 1129 1201 fidem?

216 1223 322 1276 Hic
354 1241 507 1276 casus
538 1222 813 1275 Romanae
846 1223 993 1292 pacis
1026 1222 1251 1275 exitium
1292 1223 1416 1293 erit,
1455 1223 1546 1277 hic
1577 1223 1713 1277 tanti
1744 1225 1912 1278 fortu-

214 1316 336 1351 nam
376 1297 565 1367 populi
604 1298 660 1350 in
698 1297 881 1350 ruinas
921 1301 1067 1369 aget3
1106 1301 1216 1350 tam
1266 1298 1356 1350 diu
1401 1298 1467 1351 ab
1516 1298 1620 1352 isto
1668 1300 1907 1368 periculo
1936 1323 1977 1357 ιε

214 1373 386 1425 aberit
425 1372 514 1425 hic
551 1373 808 1441 popuIUS‚
849 1391 1009 1442 quam
1048 1372 1140 1424 diu
1181 1373 1313 1425 sciet
1352 1373 1490 1426 ferre
1530 1374 1711 1426 frenos
1721 1415 1735 1443 ,
1774 1392 1910 1442 quos

216 1448 261 1500 si
305 1447 517 1516 quando
562 1446 840 1516 abruperit
878 1446 964 1499 vel
1007 1447 1193 1515 aliquo
1237 1465 1361 1500 casu
1407 1447 1677 1501 discussos
1723 1450 1912 1518 reponi

215 1522 320 1575 sibi
351 1540 540 1591 passus
571 1539 682 1575 non
715 1521 829 1590 erit,
861 1522 994 1575 haec
1025 1522 1205 1574 unitas
1238 1525 1292 1574 et
1331 1521 1419 1574 hic
1452 1522 1674 1575 maximi
1717 1523 1911 1592 inperii

218 1599 500 1649 contextus
533 1596 590 1649 in
622 1599 801 1665 partes
833 1596 1033 1649 multas
1067 1596 1318 1665 dissiliet,
1350 1597 1598 1666 idemque
1631 1597 1754 1650 huic
1786 1598 1908 1650 urbi

214 1671 337 1724 finis
371 1671 682 1724 dominandi
715 1671 830 1736 erit,
864 1671 957 1740 qui
990 1671 1213 1740 parendi
1244 1670 1422 1724 fuerit.
1477 1670 1604 1724 Ideo
1637 1672 1908 1742 principes
1933 1696 1977 1729 2ο

214 1763 472 1815 regesque
505 1750 559 1799 et
590 1763 930 1815 quocumque
954 1745 1059 1798 alio
1091 1745 1310 1799 nomine
1343 1749 1469 1798 sunt
1501 1749 1708 1800 tutores
1736 1751 1906 1800 status

215 1820 417 1889 publici
456 1839 564 1873 non
604 1824 686 1872 est
724 1820 923 1872 mirum
963 1820 1130 1873 amari
1169 1820 1311 1873 ultra
1348 1821 1585 1890 privatas
1628 1822 1789 1874 etiam
1821 1841 1909 1874 ne-

216 1894 588 1965 cessitudines;
628 1913 751 1947 nam
793 1895 839 1946 si
879 1895 1021 1947 sanis
1063 1894 1373 1948 hominibus
1417 1895 1634 1964 publica
1680 1895 1907 1965 privatis

215 1970 430 2039 potiora
461 1972 601 2037 sunt,
634 1969 890 2038 sequitur,
920 1972 982 2022 ut
1013 1968 1059 2022 is
1093 1987 1305 2038 quoque
1339 1970 1510 2022 carior
1543 1969 1628 2039 sit,
1659 1971 1715 2022 in
1749 1989 1907 2040 quem

216 2063 272 2096 se
311 2062 395 2096 res
433 2044 652 2113 publica
691 2043 966 2097 convertit.
1033 2041 1175 2096 Olim
1217 2044 1358 2096 enim
1398 2044 1475 2096 ita
1515 2062 1570 2097 se
1609 2045 1786 2098 induit
1831 2045 1908 2098 rei
1934 2068 1976 2102 2⁵

215 2118 462 2187 publicae
511 2117 725 2187 Caesar,
779 2121 840 2171 ut
888 2118 1067 2171 seduci
1128 2118 1356 2172 alterum
1404 2137 1514 2171 non
1567 2123 1750 2188 posset
1796 2120 1909 2173 sine

217 2194 498 2262 utriusque
529 2192 786 2263 pernicie3
825 2211 950 2245 nam
983 2196 1036 2245 et
1068 2193 1150 2246 illi
1181 2193 1386 2246 viribus
1419 2211 1555 2262 opus
1589 2196 1668 2246 est
1701 2198 1754 2248 et
1783 2195 1912 2247 huic

217 2268 407 2337 capite.

291 2341 531 2413 Longius
555 2342 770 2395 videtur
798 2341 1080 2395 recessisse
1113 2361 1144 2394 a
1175 2342 1452 2412 proposito
1487 2342 1659 2396 oratio
1692 2362 1825 2413 mea,
1856 2347 1912 2396 at

289 2482 335 2517 12
370 2475 495 2532 Verq.
526 2489 569 2533 9.
604 2475 689 2520 IV
705 2478 799 2520 212

291 2602 313 2636 2
346 2594 540 2638 consilio
572 2608 656 2639 om.
688 2598 726 2636 A
876 2601 900 2637 5
933 2595 1101 2639 densas
1136 2595 1270 2640 Gertz
1314 2596 1502 2639 devotas
1534 2596 1629 2640 Leo
1759 2595 1910 2652 prima

215 2653 368 2697 fronte
391 2657 512 2696 AFL
618 2661 642 2696 8
665 2653 788 2697 uinc.
821 2653 1048 2711 peioresp.
1075 2655 1137 2697 Nl
1159 2653 1280 2698 vinc.
1307 2668 1398 2710 quo
1428 2668 1501 2698 res
1530 2655 1665 2700 Gertz
1767 2663 1816 2698 ιο
1838 2655 1911 2697 fu-

216 2715 321 2757 turo
351 2712 415 2755 N²
533 2722 580 2756 12
610 2727 706 2757 11113
736 2714 808 2757 est
839 2714 967 2771 Verq.
1088 2722 1134 2757 15
1164 2714 1348 2758 ruinam
1378 2719 1411 2756 1.
1531 2723 1574 2757 17
1610 2716 1657 2758 et
1688 2714 1845 2770 aliquo
1873 2718 1910 2756 A

292 2772 526 2816 discussus
558 2773 620 2815 Νι
770 2781 816 2815 18
848 2773 939 2816 sibi
978 2787 1163 2829 prorsus
1195 2779 1227 2816 L
1379 2782 1427 2817 2ο
1459 2774 1578 2817 dom.
1612 2773 1717 2816 finis
1748 2777 1910 2816 AFLP

291 2840 336 2874 21
366 2831 562 2876 tutiores
593 2835 631 2874 A
738 2841 785 2875 22
815 2832 984 2876 mirum
1016 2832 1086 2875 ari
1115 2833 1179 2875 N¹
1282 2842 1331 2876 24
1362 2835 1415 2876 ut
1446 2833 1520 2876 his
1549 2833 1655 2875 1³¹1·
1759 2841 1808 2875 26
1837 2832 1910 2876 uis

218 2890 354 2993 edili&
384 2891 447 2933 Nl
596 2891 746 2948 possit
777 2909 811 2937 ω
971 2900 1017 2936 27
1051 2894 1097 2937 et
1129 2891 1202 2937 illi
1224 2896 1261 2935 A
1303 2894 1358 2938 ut
1387 2891 1460 2938 illi
1484 2896 1514 2935 0
1557 2893 1611 2938 ut
1636 2928 1644 2938 .
1672 2927 1680 2936 .
1706 2892 1775 2937 ita
1807 2893 1855 2936 et
1877 2897 1910 2937 Τ

325 2949 369 2994 ic
399 2950 461 2994 Νι
834 2988 837 2990 ,
