2020 3132
417 97 497 143 DF.
528 97 862 143 BENEFICIIS
894 96 1004 142 LIB.
1039 97 1101 142 VI
1133 97 1261 142 CAP.
1294 102 1470 142 20—22
1685 97 1786 151 161

96 254 214 289 mae
243 236 539 290 voluntatis
569 253 637 288 ne
671 235 868 289 mutari
892 234 1107 304 quidem
1131 252 1303 305 posse.
1344 234 1445 287 Vir
1477 235 1651 287 bonus
1682 251 1791 287 non

97 315 276 381 potest
306 328 417 364 non
447 310 638 380 facere,
669 309 813 379 quod
844 309 996 380 facit3
1026 327 1135 363 non
1161 309 1305 364 enim
1329 310 1431 363 erit
1462 309 1653 380 bonus,
1683 307 1790 362 nisi

96 386 302 454 fecerit3
345 403 475 455 ergo
512 402 612 438 nec
649 384 824 438 bonus
862 384 946 438 vir
981 383 1299 437 beneficium
1334 384 1447 453 dat,
1487 384 1615 454 quia
1644 384 1792 453 facit,

96 461 239 530 quod
280 459 459 530 debet,
496 477 602 513 non
637 462 818 528 potest
846 461 1027 512 autem
1064 477 1176 512 non
1206 460 1403 526 facere,
1442 458 1587 528 quod
1618 458 1791 512 debet.

52 556 71 588 5
98 534 379 588 Praeterea
422 533 651 588 multum
695 534 940 603 interest,
982 537 1165 586 utrum
1209 534 1376 588 dicas:
1422 532 1566 587 ‘Non
1610 536 1792 602 potest

96 608 199 663 hoc
237 627 347 663 non
383 609 592 678 facere',
619 609 761 679 ‘quia
798 609 1023 679 cogitur,
1067 626 1156 662 an:
1201 606 1346 661 ‘Non
1388 610 1568 678 potest
1609 609 1790 662 nolle'.

62 679 236 737 'Nam
276 685 323 737 si
360 701 576 737 necesse
615 687 698 736 est
737 683 817 736 illi
847 683 1045 753 facere,
1082 701 1192 736 non
1234 683 1402 736 debeo
1446 682 1554 752 ipsi
1594 681 1792 735 benefi-

95 758 254 826 cium,
292 758 384 812 sed
417 758 654 829 cogenti3
693 758 739 811 si
770 775 984 812 necesse
1016 761 1099 811 est
1130 757 1211 811 illi
1243 756 1380 811 velle
1412 756 1481 810 ob
1513 757 1632 827 hoc,
1665 757 1792 827 quia

95 832 233 886 nihil
263 832 427 886 habet
457 832 670 902 melius,
710 832 854 902 quod
884 833 1036 901 velit,
1075 833 1191 902 ipse
1223 850 1279 885 se
1313 832 1480 903 cogit3
1519 832 1617 902 ita,
1647 832 1791 901 quod

27 928 70 961 ιο
94 910 366 977 tamquam
399 910 586 961 coacto
616 924 728 960 non
758 906 1023 976 deberem,
1053 911 1330 976 tamquam
1361 906 1575 977 cogenti
1609 906 1790 961 debeo,

94 981 395 1035 ‘Desinant’
430 982 607 1051 inquit
639 981 830 1034 ‘velle'
883 980 1003 1035 Hoc
1040 980 1161 1035 loco
1201 981 1306 1034 tibi
1345 981 1480 1034 illud
1525 984 1789 1034 occurrat:

94 1056 227 1119 Quis
258 1061 370 1109 tam
396 1056 614 1110 demens
639 1059 734 1126 est,
767 1059 829 1109 ut
853 1075 969 1111 eam
994 1059 1157 1128 neget
1180 1056 1515 1109 voluntatem
1540 1073 1670 1125 esse,
1705 1056 1791 1109 cui

94 1149 200 1185 non
240 1135 323 1185 est
360 1130 659 1202 periculum
702 1131 979 1184 desinendi
1011 1131 1361 1200 vertendique
1401 1148 1456 1184 se
1496 1131 1553 1184 in
1584 1134 1792 1184 contra-

95 1207 232 1259 rium
243 1250 258 1275 ,
298 1224 418 1259 cum
459 1225 525 1259 ex
562 1205 775 1260 diverso
813 1223 971 1259 nemo
1011 1224 1180 1276 aeque
1211 1205 1380 1259 videri
1420 1205 1611 1259 debeat
1640 1206 1790 1274 velle,

29 1303 69 1336 ιο
94 1298 253 1350 quam
287 1282 440 1334 cuius
471 1280 722 1334 voluntas
754 1298 923 1351 usque
953 1298 1017 1334 eo
1050 1284 1195 1334 certa
1226 1284 1321 1349 est,
1352 1283 1414 1332 ut
1437 1283 1652 1333 aeterna
1684 1280 1791 1333 sit‘?

95 1356 181 1409 An
225 1356 268 1408 si
310 1356 355 1408 is
386 1374 603 1426 quoque
633 1354 771 1425 vult,
810 1357 904 1427 qui
942 1358 1124 1425 potest
1163 1355 1344 1409 statim
1387 1354 1555 1425 nolle,
1597 1355 1643 1408 is
1682 1373 1792 1408 non

96 1430 365 1484 videbitur
395 1430 548 1501 velle,
578 1431 633 1483 in
665 1431 817 1484 cuius
849 1433 1096 1484 naturam
1128 1448 1239 1484 non
1271 1429 1414 1483 cadit
1446 1430 1628 1484 nolle?

169 1503 458 1577 ‘Agedum’
499 1506 699 1575 inquit,
739 1505 802 1558 ‘si
838 1508 1090 1575 possunt,
1127 1505 1414 1559 resistant?
1472 1503 1590 1558 Hoc
1634 1505 1791 1558 dicis:

96 1577 309 1634 ‘Omnia
347 1579 451 1634 ista
489 1579 799 1652 ingentibus
837 1580 1137 1634 intervallis
1178 1580 1396 1634 diducta
1435 1582 1490 1633 et
1528 1580 1584 1633 in
1616 1583 1792 1633 custo-

26 1677 71 1711 ιο
96 1654 236 1708 diam
270 1655 507 1708 universi
548 1655 811 1725 disposita
843 1655 1103 1709 stationes
1143 1674 1265 1709 suas
1299 1655 1566 1726 deserant3
1613 1654 1792 1708 subita

94 1730 408 1784 confusione
433 1748 608 1784 rerum
634 1730 811 1784 sidera
834 1730 1097 1784 sideribus
1121 1731 1410 1799 incurrant,
1442 1732 1496 1783 et
1525 1733 1685 1801 rupta
1714 1747 1792 1783 re—

95 1821 214 1858 rum
247 1805 532 1859 concordia
564 1805 620 1858 in
643 1805 852 1859 ruinam
887 1804 1069 1859 divina
1099 1805 1367 1874 labantur,
1397 1807 1793 1874 contextusque

95 1878 396 1934 velocitatis
429 1879 774 1934 citatissimae
807 1881 862 1934 in
894 1883 978 1933 tot
1003 1879 1213 1934 saecula
1237 1879 1531 1950 promissas
1562 1880 1705 1933 vices
1736 1879 1794 1931 in

98 1953 275 2008 medio
299 1954 494 2008 itinere
524 1954 800 2024 destituat,
831 1958 886 2008 et
917 1973 1054 2025 quae
1092 1973 1235 2008 nunc
1267 1954 1487 2009 alternis
1520 1957 1650 2008 eunt
1681 1953 1795 2006 red-

28 2050 72 2085 2⁸
97 2032 332 2099 euntque
363 2029 683 2099 opportunis
714 2029 1051 2083 libramentis
1084 2029 1342 2083 mundum
1377 2048 1441 2083 ex
1463 2047 1633 2099 aequo
1666 2033 1795 2083 tem-

98 2103 362 2172 perantia,
402 2105 681 2173 repentino
714 2107 1120 2159 concrementur
1157 2104 1402 2159 incendio
1447 2107 1501 2158 et
1540 2123 1605 2157 ex
1643 2107 1795 2157 tanta

99 2178 355 2232 varietate
399 2177 679 2232 solvantur
720 2182 882 2250 atque
924 2182 1051 2232 eant
1094 2179 1148 2232 in
1190 2197 1356 2233 unum
1402 2179 1605 2250 omnia3
1652 2178 1794 2250 ignis

98 2257 289 2306 cuncta
332 2252 624 2323 possideat,
667 2270 824 2323 quem
870 2253 1059 2308 deinde
1101 2254 1257 2325 pigra
1299 2272 1405 2308 nox
1450 2256 1699 2323 occupet,
1742 2256 1796 2306 et

98 2326 363 2397 profunda
394 2345 595 2400 vorago
628 2331 712 2381 tot
755 2328 881 2383 deos
914 2329 1175 2383 sorbeat’:
1215 2332 1294 2383 est
1325 2330 1486 2396 tanti,
1525 2332 1588 2382 ut
1619 2331 1679 2382 tu
1711 2344 1795 2381 co·

30 2423 75 2457 ιο
98 2402 358 2473 arguaris,
390 2403 493 2456 ista
514 2402 830 2457 concidere?
868 2402 1104 2457 Prosunt
1128 2402 1227 2457 tibi
1253 2403 1413 2458 etiam
1440 2403 1611 2456 invito
1643 2405 1796 2457 eunt-

97 2494 201 2547 que
246 2477 349 2530 ista
390 2481 486 2531 tua
526 2495 712 2548 causa,
751 2479 913 2532 etiam
957 2479 1003 2533 si
1043 2478 1216 2533 maior
1256 2476 1364 2532 illis
1405 2478 1510 2531 alia
1547 2495 1609 2531 ac
1648 2478 1796 2548 prior

97 2569 257 2606 causa
287 2555 383 2605 est

97 2698 348 2745 Ηοώσῑίπ
456 2708 475 2743 ι
509 2712 594 2744 nec
618 2703 655 2744 0
761 2700 928 2745 mutari
955 2703 994 2743 Π
1026 2702 1209 2745 mutare
1235 2703 1267 2744 0
1381 2708 1402 2743 4
1437 2698 1607 2744 debet?
1641 2698 1795 2744 Praet.

96 2758 418 2816 interp.Gert1
507 2768 531 2803 ὅ
555 2761 710 2817 potest
731 2774 869 2818 super
892 2759 1019 2815 dicas
1050 2763 1088 2803 Ι
1180 2769 1203 2803 8
1236 2762 1433 2818 cogente
1457 2759 1518 2803 11¹
1609 2768 1650 2803 ιι
1676 2757 1793 2803 illud

96 2821 136 2862 Ι
158 2830 242 2864 on.
269 2822 302 2862 0
405 2827 450 2863 ¹⁸
481 2822 663 2865 certata
694 2823 732 2863 Ι
838 2827 884 2863 18
909 2819 1154 2877 Agendum
1180 2820 1284 2863 110¹
1294 2824 1328 2863 r
1429 2826 1475 2863 ιο
1500 2818 1704 2863 deducta
1735 2819 1796 2862 1¹¹

170 2886 222 2922 10
252 2877 472 2924 uniuersa
504 2883 581 2923 GP
730 2887 780 2923 π
811 2878 1077 2935 coargueris
1108 2883 1235 2923 ur
1275 2878 1485 2937 argueris
1518 2882 1628 2935 (quo
1659 2892 1796 2936 super

99 2950 127 2981 a
155 2940 231 2995 u.)
263 2941 299 2982 θ
416 2947 467 2982 ιο
498 2939 751 2984 concedere
781 2939 1045 2997 (concidere
1077 2943 1132 2997 Π)
1166 2941 1363 2997 possunt
1393 2941 1425 2982 0
1457 2952 1569 2984 corr.
1601 2938 1733 2984 Grae.

188 3019 353 3055 Moeno
377 3029 492 3063 open
518 3022 542 3055 1.
571 3024 590 3055 2
615 3022 661 3055 od
699 3023 880 3055 nonin·
904 3023 960 3056 od.
987 3023 1051 3056 alt.
1473 3019 1519 3058 11

1826 1513 1946 1557 XXII
