2020 3132
0 1775 106 1821 XVI
140 1782 162 1820 1

113 2156 139 2194 2

184 68 292 120 232
723 66 772 111 L.
805 65 1043 111 ANNAEI
1074 65 1348 111 SENECAE

186 222 336 258 scens
370 222 468 273 pro
502 222 558 257 se
591 203 811 273 dixerat,
842 205 896 256 et
926 202 1029 274 his,
1062 203 1258 272 quibus
1283 203 1621 274 arguebatur,
1645 203 1798 273 petit,
1822 207 1884 257 ut

185 277 506 332 sententiam
539 296 691 331 suam
717 277 943 347 quisque
969 277 1240 347 scriberet,
1270 296 1338 331 ne
1364 296 1426 330 ea
1451 277 1694 331 omnium
1718 278 1884 347 fieret,

185 372 319 421 quae
369 351 610 406 Caesaris
656 353 869 423 fuisset3
917 351 1129 421 deinde,
1183 353 1498 422 priusquam
1549 353 1886 422 aperirentur

184 428 442 497 codicilli,
473 427 672 480 iuravit
705 445 760 480 se
791 426 959 495 Tarii,
991 427 1229 488 hominis
1269 425 1583 496 locupletiS,
1622 426 1884 480 heredita-

182 506 292 555 tem
323 521 433 555 non
466 502 752 554 aditurum.
786 500 943 554 Dicet
968 501 1186 570 aliquis:
1221 501 1444 555 ‘Pusillo
1470 501 1651 554 animo
1683 502 1882 571 timuit,
1929 521 1949 555 5

180 596 247 630 ne
279 577 549 629 videretur
586 578 767 629 locum
809 575 925 644 spei
964 594 1091 628 suae
1130 576 1336 644 aperire
1367 577 1505 628 velle
1539 575 1637 629 filii
1669 575 1883 629 damna-

179 651 361 704 tione.’
426 650 547 722 Ego
588 653 775 703 contra
813 650 1010 721 senti03
1052 650 1282 719 quilibet
1322 653 1566 703 nostrum
1610 650 1882 703 debuisset

181 726 433 778 adversus
483 726 765 795 opiniones
814 725 1077 796 malignas
1126 724 1257 778 satis
1309 725 1534 778 fiduciae
1582 725 1778 778 habere
1824 725 1882 778 in

180 801 323 854 bona
363 799 710 868 conscientia,
747 799 1021 869 principes
1060 799 1231 853 multa
1271 799 1467 852 debent
1506 800 1666 852 etiam
1707 799 1880 853 famae

180 875 318 928 dare.
358 874 566 927 Iuravit
597 892 653 927 se
685 893 795 928 non
826 874 1097 927 aditurum
1131 874 1499 927 hereditatem.
1541 874 1732 927 Tarius
1766 874 1879 944 qui·
1905 894 1947 927 ιο

181 950 302 1002 dem
336 949 524 1003 eodem
556 950 641 1002 die
673 951 728 1002 et
761 950 991 1002 alterum
1014 948 1265 1001 heredem
1289 948 1538 1019 perdidit,
1570 948 1663 1002 sed
1688 947 1881 1002 Caesar

177 1024 485 1077 libertatem
533 1024 828 1078 sententiae
877 1042 1003 1077 suae
1049 1023 1299 1094 redemit,
1353 1026 1406 1076 et
1453 1026 1741 1093 postquam
1791 1024 1879 1077 ad-

177 1098 430 1169 probavit
469 1098 760 1168 gratuitam
801 1117 914 1152 esse
956 1098 1295 1151 severitatem
1336 1116 1510 1168 suam,
1552 1098 1695 1167 quod
1734 1098 1878 1167 prin-

179 1172 286 1242 cipi
319 1191 529 1242 semper
561 1173 855 1226 curandum
895 1175 991 1241 est,
1033 1172 1172 1225 dixit
1202 1171 1564 1242 relegandum,
1598 1190 1703 1241 quo
1736 1172 1877 1241 patri

178 1248 463 1301 videretur.
525 1246 653 1300 Non
693 1247 948 1317 culleum,
986 1264 1098 1300 non
1137 1250 1410 1317 serpentes
1419 1288 1434 1315 ,
1472 1265 1583 1300 non
1615 1263 1877 1300 carcerem
1904 1266 1945 1299 15

178 1321 413 1375 decrevit
458 1340 685 1388 memor,
722 1339 832 1374 non
873 1322 937 1374 de
980 1340 1087 1391 quo
1122 1324 1381 1390 censeret,
1425 1321 1516 1374 sed
1548 1320 1634 1374 cui
1666 1321 1723 1374 in
1753 1339 1877 1374 con-

179 1397 300 1450 silio
340 1399 508 1467 esset3
554 1396 871 1450 mollissimo
913 1415 1105 1466 genere
1147 1415 1352 1465 poenae
1399 1398 1713 1450 contentum
1762 1414 1876 1449 esse

178 1471 368 1524 debere
400 1474 608 1541 patrem
644 1471 781 1524 dixit
811 1471 869 1523 in
899 1470 1015 1524 filio
1049 1470 1451 1525 adulescentulo
1484 1470 1700 1540 inpulso
1732 1472 1791 1524 in
1821 1470 1877 1524 id

178 1546 375 1615 sceluS,
417 1547 474 1598 in
514 1564 619 1615 quo
666 1564 746 1615 se,
789 1545 933 1615 quod
965 1547 1275 1616 proximum
1307 1548 1422 1599 erat
1453 1545 1519 1599 ab
1552 1545 1877 1615 innocentia,

177 1621 364 1673 timide
412 1620 688 1691 gessisset3
736 1620 928 1674 debere
976 1620 1130 1673 illum
1178 1620 1245 1673 ab
1289 1620 1422 1673 urbe
1470 1622 1525 1673 et
1571 1639 1602 1673 a
1639 1619 1875 1687 parentis
1900 1641 1944 1673 20

181 1695 351 1748 oculis
384 1695 706 1750 submoveri.

254 1769 298 1823 Ο
347 1770 591 1841 dignum,
632 1788 791 1838 quem
846 1770 903 1822 in
958 1769 1244 1824 consilium
1300 1771 1479 1838 patres
1532 1769 1874 1822 advocarent!

176 1863 206 1898 o
242 1844 492 1915 dignum,
537 1863 697 1914 quem
742 1844 1057 1898 coheredem
1100 1844 1478 1897 innocentibus
1517 1843 1702 1897 liberis
1744 1844 1874 1898 scri-

175 1919 385 1972 berent!
442 1918 590 1972 Haec
634 1918 920 1972 clementia
970 1918 1267 1988 principem
1315 1918 1486 1989 decet3
1535 1936 1873 1987 quocumque

175 1995 396 2063 venerit,
428 1994 790 2047 mansuetiora
823 1993 1002 2046 omnia
1032 1994 1206 2047 faciat.
1254 1992 1429 2047 Nemo
1461 1992 1575 2064 regi
1609 1996 1718 2046 tam
1750 1992 1873 2046 vilis
1898 2012 1941 2047 εὖ

177 2070 262 2136 sit,
293 2071 356 2120 ut
387 2068 544 2121 illum
574 2068 748 2137 perire
780 2086 892 2121 non
925 2069 1143 2136 sentiat,
1186 2069 1591 2136 qualiscumque
1629 2085 1755 2138 pars
1795 2068 1873 2120 in-

173 2143 310 2213 perii
336 2146 430 2196 est.
479 2141 543 2194 In
567 2160 764 2213 magna
788 2142 995 2212 inperia
1019 2162 1084 2196 ex
1108 2143 1406 2196 minoribus
1430 2145 1675 2212 petamus
1701 2160 1873 2195 exem-

174 2219 342 2287 plum.
380 2216 507 2270 Non
539 2236 708 2270 unum
742 2221 823 2270 est
853 2217 1135 2286 inperandi
1166 2235 1358 2288 genus3
1390 2217 1602 2286 inperat
1624 2215 1871 2286 princeps

174 2292 380 2346 civibus
422 2291 532 2345 suis
541 2334 555 2361 ,
594 2295 747 2361 pater
785 2291 993 2361 liberis,
1031 2294 1346 2362 praeceptor
1386 2291 1738 2362 discentibus,
1778 2291 1872 2344 tri-

245 2433 265 2467 1
297 2423 437 2480 petiit
469 2439 496 2473 ς
647 2432 671 2466 8
703 2423 998 2480 aparirentur
1028 2428 1068 2466 N
1107 2424 1444 2481 appararentur
1472 2425 1720 2481 (-rerentur
1750 2427 1787 2466 B
1818 2437 1871 2467 ra

171 2497 255 2528 om.
286 2483 362 2540 12¹)
395 2487 425 2526 0
570 2492 593 2526 4
626 2483 842 2527 codicelli
872 2483 1058 2526 Arm„
1194 2497 1243 2527 se
1274 2483 1386 2527 dare
1417 2483 1589 2540 (sedari
1619 2486 1704 2525 NB
1743 2481 1871 2527 Tarii

170 2557 225 2588 ss.
259 2558 317 2587 m.
349 2557 431 2588 rec.
466 2543 519 2586 in
549 2544 604 2600 R)
635 2543 815 2587 homini
845 2542 1096 2600 locupletis
1129 2546 1160 2586 0
1192 2556 1306 2588 corr.
1332 2560 1366 2587 ω
1487 2551 1512 2586 o
1541 2541 1655 2587 uelli
1687 2541 1754 2586 fili
1784 2546 1871 2584 NB.

171 2602 296 2647 uelle
327 2601 374 2645 in
407 2601 495 2646 filii
528 2606 558 2645 0
682 2611 701 2644 7
736 2617 821 2646 con
847 2603 908 2645 Rl
1027 2611 1070 2646 11
1103 2604 1150 2646 et
1183 2602 1330 2646 alium
1354 2607 1388 2645 F
1508 2611 1555 2645 12
1587 2601 1882 2665 adprobabit,

171 2666 210 2704 N
358 2670 405 2704 13
445 2661 725 2706 sententiam
764 2663 857 2707 cod.
889 2663 1021 2707 Pinc.
1156 2661 1384 2719 principis
1424 2662 1562 2719 (-epis
1592 2663 1648 2719 R)
1681 2665 1765 2704 NR

171 2730 217 2764 14
250 2734 340 2777 quo
374 2738 408 2765 ω
442 2721 567 2776 quod
601 2725 631 2764 0
753 2721 901 2778 patris
934 2721 1079 2765 AFL²
1205 2730 1249 2764 17
1283 2734 1465 2779 poenne
1495 2725 1582 2764 NR
1709 2728 1757 2763 20
1786 2733 1866 2776 pe-

171 2781 316 2824 rentis
347 2780 409 2823 Rl
541 2789 589 2823 22
620 2780 768 2837 patris
799 2786 837 2824 R
966 2789 1014 2824 23
1046 2780 1247 2826 scribere
1278 2786 1364 2824 NR
1491 2789 1539 2824 24
1571 2779 1867 2824 clementiam

171 2839 279 2882 1³3¹
398 2836 661 2897 principem
683 2845 722 2883 B.
835 2842 888 2885 ut
912 2853 1206 2897 quocumque
1230 2845 1393 2884 AFLP
1512 2848 1561 2882 2⁶
1585 2838 1867 2894 qualiscum—

172 2912 262 2954 que
295 2898 451 2958 <est‚>
489 2898 623 2945 Gertz
756 2908 804 2945 28
837 2902 906 2946 est
935 2905 974 2945 N
1005 2914 1089 2945 om.
1123 2904 1154 2942 0
1537 2911 1540 2912 ’
