2020 3132
780 75 1123 122 PRAEFATIO
1655 77 1805 122 XXIII

99 222 258 266 tamen
290 221 333 266 te
358 221 552 280 gratiae
583 218 771 268 demere
803 219 889 279 62,
914 219 947 267 4
979 217 1194 268 illustres
1224 219 1452 268 mulieres
1476 233 1631 268 annos
1655 221 1806 268 mar-t-

98 296 257 340 torum
279 295 557 354 computant
586 294 669 354 78,
688 294 719 342 8
745 293 1030 352 beneficium
1052 293 1229 354 accipit
1250 309 1343 355 quo
1366 295 1526 355 maqis
1550 308 1602 342 eo
1625 295 1808 355 imiiqet
1829 337 1834 343 .

97 367 260 415 maius
289 369 477 427 accipit.
538 369 711 429 Maqis
742 370 905 417 autem
935 368 1118 429 indiqet
1152 370 1275 429 111,
1309 370 1374 416 21
1412 370 1635 428 comperi,
1667 383 1806 429 quem

89 442 239 502 prius
270 442 447 490 bonum
479 446 522 491 et
546 437 793 507 sssyratum
812 443 1090 504 putabam?
1122 436 1233 509 (cfr.
1251 447 1303 492 V
1334 443 1387 490 in
1419 460 1465 506 p.
1484 437 1626 509 XXI)
1668 443 1807 504 Quod

98 519 198 564 tam
229 516 376 578 diyno
407 517 589 566 dabam
617 519 739 575 112,
767 519 797 566 9
829 517 885 565 Si
916 532 1151 580 maynum
1183 520 1252 566 est
1273 533 1470 583 munus,
1493 531 1594 566 non
1618 521 1807 566 tantum

96 590 225 651 quod
253 592 375 652 144,
392 592 423 639 8
448 591 763 653 Set-pentibus
787 585 907 658 (sic)
931 606 1117 653 quoque
1139 592 1362 641 indicare
1386 593 1564 640 bonum
1587 596 1657 641 est
1678 593 1807 654 quod

98 681 263 713 rerum
292 680 518 715 mearum
539 669 697 716 status
711 669 887 728 poscat
914 667 1035 728 146,
1062 668 1133 716 20
1157 668 1260 715 iam
1283 667 1350 716 ad
1374 667 1529 716 alium
1554 667 1807 716 dominum

96 740 212 788 inde
239 743 358 788 sunt
386 742 663 802 spectanda
676 735 716 808 ¹)
745 742 868 798 154,
895 743 960 790 17
994 742 1079 790 sed
1101 744 1147 790 si
1175 756 1251 790 me
1281 742 1335 790 in
1366 756 1492 790 cons.
1519 743 1729 791 admisit.
1759 781 1768 790 .
1795 782 1805 792 .

96 816 324 875 inoratus
355 818 400 863 et
428 817 643 864 iniustus
671 831 783 865 sum
812 817 912 864 nisi
940 818 1061 879 181,
1090 817 1158 865 23
1192 831 1243 864 se
1265 818 1423 878 maqis
1446 818 1633 865 ueritus
1658 832 1806 877 quam

96 889 222 938 alios
250 891 296 938 si
326 893 563 952 tanquam
594 892 648 939 in
670 891 871 952 publico
902 905 1091 952 semper
1119 893 1250 940 uiuit
1276 892 1483 954 184,11
1519 892 1649 940 dices
1672 892 1805 940 mihi.

98 963 343 1025 Quomodo
367 979 478 1027 erqo
492 968 651 1026 potest
677 966 798 1029 186,
817 967 882 1015 16
910 966 1146 1027 quomodo
1172 967 1385 1014 eiusdem
1407 967 1481 1015 rei
1503 969 1701 1028 uterque
1723 967 1806 1015 do-

94 1041 259 1087 minus
289 1042 360 1088 est
387 1041 506 1101 quia
546 1041 670 1089 alter
699 1041 927 1089 dominus
953 1044 1022 1089 est
1051 1043 1123 1090 rei
1157 1042 1281 1098 231,
1307 1043 1338 1088 2
1363 1043 1466 1102 pot.
1491 1042 1806 1102 patriamque

96 1117 149 1162 ut
186 1128 296 1162 cum
331 1115 549 1164 membra
579 1131 675 1164 sua
706 1115 974 1165 abscideret
1005 1117 1149 1164 etiam
1180 1118 1236 1165 in
1266 1116 1558 1164 abscidendo
1585 1120 1804 1178 yemeret.

97 1187 235 1245 Quae
274 1188 326 1237 in
366 1191 615 1253 apparatu
658 1191 831 1239 critico
871 1189 1076 1238 inutilia
1106 1190 1199 1239 hoc
1230 1192 1398 1239 tamen
1430 1191 1540 1239 loco
1573 1191 1805 1240 attulisse

98 1279 196 1313 non
228 1264 382 1329 piget.
429 1264 669 1313 Attamen
701 1264 783 1314 hic
814 1281 1013 1328 quoque
1046 1265 1198 1314 codex
1231 1266 1304 1314 sic
1334 1265 1667 1315 multifariam
1700 1281 1803 1315 cor·

98 1341 276 1401 ruptus
308 1342 358 1387 et
381 1338 715 1403 interpolatus
740 1340 940 1403 saepius
964 1340 1146 1389 sinceri
1169 1342 1335 1390 textus
1359 1340 1547 1390 indicia
1571 1341 1706 1391 solus
1731 1358 1803 1390 re-

93 1414 266 1475 tinuit,
291 1429 407 1462 nam
425 1414 551 1463 illud
565 1416 767 1464 iuuenes
782 1409 858 1482 (6,
875 1409 946 1482 7),
972 1414 1106 1478 quod
1122 1415 1360 1464 excidisse
1379 1414 1525 1464 Gertz
1543 1415 1686 1478 vidit,
1703 1416 1803 1464 iam

94 1487 176 1536 hic
192 1488 323 1537 sicut
337 1489 389 1536 in
400 1482 532 1554 V(p.
547 1486 661 1556 XX)
681 1492 864 1550 exstat3
882 1489 1030 1551 idem,
1047 1492 1106 1538 ut
1122 1489 1312 1539 leviora
1330 1492 1655 1554 praeteream,
1672 1494 1803 1540 recte

96 1561 253 1611 tradit
277 1563 326 1624 5,
345 1564 375 1611 6
409 1564 579 1613 crediti
604 1567 858 1613 transewnt
882 1566 932 1613 et
959 1566 1081 1624 167,
1102 1565 1168 1613 18
1194 1565 1333 1627 quid3
1369 1567 1491 1627 208,
1512 1566 1579 1614 18
1598 1565 1802 1629 propius

96 1636 160 1686 ad
184 1653 355 1686 verum
380 1638 573 1688 accedit
595 1639 700 1688 eius
726 1642 955 1700 temptata
979 1641 1223 1702 temptare,
1253 1640 1374 1702 155,
1395 1643 1420 1688 1
1452 1656 1509 1689 ex
1534 1644 1677 1704 parte
1695 1642 1802 1703 qui-

96 1711 209 1761 dem
239 1712 472 1762 lacunam
503 1713 684 1777 explet,
715 1716 890 1763 contra
926 1715 1046 1776 124,
1073 1715 1106 1763 4
1131 1713 1284 1763 verba
1308 1716 1478 1778 spuria
1500 1719 1686 1764 ‘natura
1709 1716 1804 1766 sibi

94 1786 227 1837 dedit
241 1787 446 1850 omittit,
457 1804 584 1851 quae
598 1792 728 1838 certe
747 1805 846 1837 non
865 1790 1046 1852 omnia,
1060 1791 1190 1838 sicut
1207 1790 1361 1838 etiam
1377 1792 1652 1839 ceterorum
1670 1791 1801 1839 codi-

96 1876 207 1911 cum
240 1862 610 1912 emendationes
635 1863 1013 1928 interpolatoris
1037 1863 1275 1914 scientiae
1299 1865 1551 1928 imputare
1576 1859 1800 1934 ausim.²)

97 1936 277 2000 Itaque
317 1954 378 1987 ne
417 1938 597 1987 horum
627 1939 864 1988 lectiones
896 1954 1066 1988 omnes
1098 1955 1432 2002 aspernemur,
1463 1956 1542 1990 res
1573 1942 1801 2004 ratioque

97 2005 367 2078 monent.⁸)
418 2012 555 2071 Quae
588 2014 691 2062 iam
727 2013 965 2077 codicum,
1002 2029 1216 2078 quorum
1256 2014 1520 2064 concordia
1549 2031 1706 2079 usque
1738 2016 1801 2065 ad

175 2142 215 2196 1)
248 2139 324 2185 Sic
356 2155 415 2186 m.
449 2145 492 2198 2,
522 2143 773 2199 spectanda
804 2158 864 2187 m.
902 2147 940 2187 1.

171 2203 217 2257 2)
249 2199 405 2247 Codex
429 2206 457 2245 Ι
488 2201 607 2246 miro
638 2202 778 2247 modo
804 2216 910 2247 cum
926 2202 1175 2249 Vincentio
1198 2203 1522 2249 Bellovacensi
1547 2203 1622 2262 Sp.
1642 2204 1799 2250 Doctr.

98 2259 160 2305 1v
191 2265 248 2304 4⁶
263 2274 363 2318 cqq.
395 2259 475 2319 Sp.
509 2259 564 2307 Β.
590 2260 697 2307 VIII
731 2266 815 2307 106
830 2277 956 2320 eqq.,
989 2263 1122 2308 cuine
1155 2262 1257 2309 cola
1287 2263 1496 2310 editione
1539 2264 1667 2322 typis
1711 2265 1799 2309 im-

97 2334 258 2378 prena
289 2334 400 2365 ncne
432 2334 550 2374 eum,
593 2322 812 2368 concinit.
877 2322 1082 2380 Uterque
1125 2323 1323 2381 praebet
1355 2329 1469 2380 2,12
1502 2338 1604 2370 cum
1635 2325 1801 2371 damus

100 2385 153 2426 18
196 2381 481 2427 necessitates
510 2394 600 2430 om.
636 2387 751 2437 11,3
787 2397 947 2441 parua
975 2389 1019 2429 et
1046 2384 1237 2430 sordida
1268 2389 1296 2429 4
1337 2385 1391 2429 in
1422 2398 1511 2430 om.
1549 2389 1602 2429 18
1633 2386 1801 2432 oblitus

94 2446 156 2486 est
197 2445 252 2509 24
293 2445 334 2487 et
370 2441 515 2499 specie
546 2446 625 2510 ⁶21,
649 2445 707 2512 20
745 2442 911 2498 facilia
949 2456 1038 2488 om.
1081 2446 1151 2499 28,
1177 2448 1232 2489 23
1272 2444 1355 2489 ubi
1391 2445 1636 2502 inpetrasti
1673 2450 1746 2499 31,
1773 2450 1797 2490 6

95 2502 1799 2630 :tta'‘gam“25,3030310311·22z²‘z⁶153r53;²⁶3533z⁷330ffffl‘ssss?

173 2623 219 2675 8)
248 2619 300 2665 In
333 2634 438 2679 ipsa
468 2621 845 2679 interpunctione
876 2621 928 2668 hi
957 2637 1051 2669 non
1083 2622 1227 2668 eemel
1259 2624 1485 2682 sequendi
1517 2627 1648 2679 eunt3
1687 2639 1796 2670 nam

99 2682 153 2725 nt
184 2684 300 2735 71,4
331 2685 364 2725 1³
406 2679 635 2737 distinxit,
677 2683 785 2739 poet
815 2681 1026 2741 Lipcium
1057 2682 1308 2729 ediderunt
1350 2687 1399 2730 et
1439 2682 1525 2729 alii
1555 2686 1604 2730 et
1636 2683 1794 2731 Gertz:

95 2739 303 2795 sortwna.
336 2740 440 2787 Sive
463 2774 474 2786 .
501 2778 510 2787 .
533 2741 751 2797 homines,
773 2742 944 2812 erigite,
969 2757 1062 2789 non
1087 2742 1210 2788 eicut
1233 2745 1374 2789 antea
1399 2758 1504 2790 cum
1529 2749 1567 2789 N
1587 2745 1797 2802 fortuma,

95 2800 476 2847 civenhomim.
508 2801 707 2860 Eriqite.
739 2800 967 2848 Similiter
998 2806 1070 2856 77,
1089 2808 1143 2848 12
1175 2807 1221 2847 1
1250 2803 1627 2862 interpunctione
1659 2819 1795 2863 cepa-

100 2858 219 2903 ravit
260 2860 397 2919 leyen
439 2861 488 2905 et
520 2862 752 2919 patriam,
795 2862 921 2919 quod
964 2862 1153 2921 Madvig
1195 2863 1453 2921 proposuit.
1519 2868 1616 2919 168,
1644 2869 1699 2910 26
1743 2867 1796 2910 ut

101 2917 369 2977 intel-punxi
402 2933 507 2965 cum
538 2919 721 2967 Gertzio
751 2935 913 2978 saeuum·
951 2921 1062 2968 dum
1088 2956 1098 2967 .
1124 2956 1134 2969 .
1159 2929 1352 2979 nutant,
1383 2925 1612 2983 imperitia,
1652 2923 1795 2970 inter-
