<?xml version="1.0" encoding="UTF-8"?>
<!DOCTYPE html PUBLIC "-//W3C//DTD XHTML 1.0 Transitional//EN"
    "http://www.w3.org/TR/xhtml1/DTD/xhtml1-transitional.dtd">
<html xmlns="http://www.w3.org/1999/xhtml" xml:lang="en" lang="en">
 <head>
  <title>
</title>
<meta http-equiv="Content-Type" content="text/html;charset=utf-8" />
  <meta name='ocr-system' content='tesseract 3.04.00' />
  <meta name='ocr-capabilities' content='ocr_page ocr_carea ocr_par ocr_line ocrx_word'/>
</head>
<body>
  <div class='ocr_page' id='page_1' title='image "./f2operaquaesuper01seneuoft_0220.png"; bbox 0 0 2020 3132; ppageno 0'>
   <div class='ocr_carea' id='block_1_1' title="bbox 58 231 157 274">
    <p class='ocr_par' dir='ltr' id='par_1_1' title="bbox 58 231 157 274">
     <span class='ocr_line' id='line_1_1' title="bbox 58 231 157 274; baseline 0.01 -1"><span class='ocrx_word' id='word_1_1' title='bbox 58 231 157 274; x_wconf 88' lang='lat'>111</span> 
     </span>
    </p>
   </div>
   <div class='ocr_carea' id='block_1_2' title="bbox 199 85 1354 137">
    <p class='ocr_par' dir='ltr' id='par_1_2' title="bbox 199 85 1354 137">
     <span class='ocr_line' id='line_1_2' title="bbox 199 85 1354 137; baseline -0.006 0"><span class='ocrx_word' id='word_1_2' title='bbox 199 86 303 137; x_wconf 76' lang='grc'>182</span> <span class='ocrx_word' id='word_1_3' title='bbox 735 86 784 130; x_wconf 90' lang='lat' dir='ltr'>L.</span> <span class='ocrx_word' id='word_1_4' title='bbox 817 85 1051 129; x_wconf 89' lang='lat' dir='ltr'>ANNAEI</span> <span class='ocrx_word' id='word_1_5' title='bbox 1083 85 1354 130; x_wconf 84' lang='lat' dir='ltr'>SENECAE</span> 
     </span>
    </p>
   </div>
   <div class='ocr_carea' id='block_1_3' title="bbox 193 220 1889 2231">
    <p class='ocr_par' dir='ltr' id='par_1_3' title="bbox 193 220 1889 2231">
     <span class='ocr_line' id='line_1_3' title="bbox 266 220 1888 294; baseline 0.003 -20"><span class='ocrx_word' id='word_1_6' title='bbox 266 220 415 274; x_wconf 88' lang='lat' dir='ltr'>Haec</span> <span class='ocrx_word' id='word_1_7' title='bbox 432 222 738 275; x_wconf 87' lang='lat' dir='ltr'>Demetrius</span> <span class='ocrx_word' id='word_1_8' title='bbox 762 225 947 275; x_wconf 88' lang='lat' dir='ltr'>noster</span> <span class='ocrx_word' id='word_1_9' title='bbox 967 226 1194 291; x_wconf 88' lang='lat' dir='ltr'>utraque</span> <span class='ocrx_word' id='word_1_10' title='bbox 1218 241 1380 275; x_wconf 88' lang='lat' dir='ltr'>manu</span> <span class='ocrx_word' id='word_1_11' title='bbox 1405 226 1584 277; x_wconf 88' lang='lat' dir='ltr'>tenere</span> <span class='ocrx_word' id='word_1_12' title='bbox 1607 227 1888 294; x_wconf 86' lang='lat' dir='ltr'>proficien-</span> 
     </span>
     <span class='ocr_line' id='line_1_4' title="bbox 194 296 1888 369; baseline 0.004 -22"><span class='ocrx_word' id='word_1_13' title='bbox 194 299 304 348; x_wconf 90' lang='lat' dir='ltr'>tem</span> <span class='ocrx_word' id='word_1_14' title='bbox 345 297 515 364; x_wconf 89' lang='lat' dir='ltr'>iubet,</span> <span class='ocrx_word' id='word_1_15' title='bbox 554 297 686 348; x_wconf 89' lang='lat' dir='ltr'>haec</span> <span class='ocrx_word' id='word_1_16' title='bbox 724 314 989 365; x_wconf 83' lang='lat' dir='ltr'>nusquam</span> <span class='ocrx_word' id='word_1_17' title='bbox 1030 296 1321 366; x_wconf 71' lang='lat' dir='ltr'><strong>dimittere,</strong></span> <span class='ocrx_word' id='word_1_18' title='bbox 1360 297 1526 350; x_wconf 89' lang='lat' dir='ltr'>immo</span> <span class='ocrx_word' id='word_1_19' title='bbox 1571 300 1803 369; x_wconf 85' lang='lat' dir='ltr'>adfigere</span> <span class='ocrx_word' id='word_1_20' title='bbox 1835 304 1888 353; x_wconf 87' lang='lat' dir='ltr'>et</span> 
     </span>
     <span class='ocr_line' id='line_1_5' title="bbox 194 371 1888 444; baseline 0.003 -22"><span class='ocrx_word' id='word_1_21' title='bbox 194 374 401 440; x_wconf 88' lang='lat' dir='ltr'>partem</span> <span class='ocrx_word' id='word_1_22' title='bbox 435 371 518 422; x_wconf 91' lang='lat' dir='ltr'>sui</span> <span class='ocrx_word' id='word_1_23' title='bbox 549 371 721 424; x_wconf 86' lang='lat' dir='ltr'>facere</span> <span class='ocrx_word' id='word_1_24' title='bbox 753 389 922 439; x_wconf 91' lang='lat' dir='ltr'>eoque</span> <span class='ocrx_word' id='word_1_25' title='bbox 952 371 1243 423; x_wconf 86' lang='lat' dir='ltr'>cottidiana</span> <span class='ocrx_word' id='word_1_26' title='bbox 1273 372 1622 426; x_wconf 75' lang='lat' dir='ltr'>meditatione</span> <span class='ocrx_word' id='word_1_27' title='bbox 1653 375 1888 444; x_wconf 84' lang='lat' dir='ltr'>perduci,</span> 
     </span>
     <span class='ocr_line' id='line_1_6' title="bbox 193 445 1886 516; baseline 0.004 -20"><span class='ocrx_word' id='word_1_28' title='bbox 193 449 255 497; x_wconf 92' lang='lat' dir='ltr'>ut</span> <span class='ocrx_word' id='word_1_29' title='bbox 295 463 390 497; x_wconf 91' lang='lat' dir='ltr'>sua</span> <span class='ocrx_word' id='word_1_30' title='bbox 429 449 619 514; x_wconf 91' lang='lat' dir='ltr'>sponte</span> <span class='ocrx_word' id='word_1_31' title='bbox 659 448 943 498; x_wconf 87' lang='lat' dir='ltr'>occurrant</span> <span class='ocrx_word' id='word_1_32' title='bbox 981 445 1236 498; x_wconf 87' lang='lat' dir='ltr'>salutaria</span> <span class='ocrx_word' id='word_1_33' title='bbox 1275 449 1328 498; x_wconf 87' lang='lat' dir='ltr'>et</span> <span class='ocrx_word' id='word_1_34' title='bbox 1367 447 1565 516; x_wconf 89' lang='lat' dir='ltr'>ubique</span> <span class='ocrx_word' id='word_1_35' title='bbox 1606 466 1666 501; x_wconf 86' lang='lat' dir='ltr'>ac</span> <span class='ocrx_word' id='word_1_36' title='bbox 1706 450 1886 502; x_wconf 88' lang='lat' dir='ltr'>statim</span> 
     </span>
     <span class='ocr_line' id='line_1_7' title="bbox 195 519 1887 589; baseline 0.003 -18"><span class='ocrx_word' id='word_1_37' title='bbox 195 519 494 572; x_wconf 89' lang='lat' dir='ltr'>desiderata</span> <span class='ocrx_word' id='word_1_38' title='bbox 524 523 738 589; x_wconf 85' lang='lat' dir='ltr'>praesto</span> <span class='ocrx_word' id='word_1_39' title='bbox 772 520 880 572; x_wconf 90' lang='lat' dir='ltr'>sint</span> <span class='ocrx_word' id='word_1_40' title='bbox 913 523 966 572; x_wconf 91' lang='lat' dir='ltr'>et</span> <span class='ocrx_word' id='word_1_41' title='bbox 989 520 1103 573; x_wconf 88' lang='lat' dir='ltr'>sine</span> <span class='ocrx_word' id='word_1_42' title='bbox 1128 522 1238 573; x_wconf 84' lang='lat' dir='ltr'>ulla</span> <span class='ocrx_word' id='word_1_43' title='bbox 1270 539 1421 573; x_wconf 86' lang='lat' dir='ltr'>mora</span> <span class='ocrx_word' id='word_1_44' title='bbox 1443 522 1623 575; x_wconf 82' lang='lat' dir='ltr'>veniat</span> <span class='ocrx_word' id='word_1_45' title='bbox 1654 523 1749 576; x_wconf 82' lang='lat' dir='ltr'>illa</span> <span class='ocrx_word' id='word_1_46' title='bbox 1778 527 1887 576; x_wconf 88' lang='lat' dir='ltr'>tur-</span> 
     </span>
     <span class='ocr_line' id='line_1_8' title="bbox 194 593 1886 663; baseline 0.004 -18"><span class='ocrx_word' id='word_1_47' title='bbox 194 593 278 662; x_wconf 91' lang='lat' dir='ltr'>pis</span> <span class='ocrx_word' id='word_1_48' title='bbox 317 593 636 663; x_wconf 74' lang='lat' dir='ltr'>honestique</span> <span class='ocrx_word' id='word_1_49' title='bbox 677 594 967 646; x_wconf 78' lang='lat' dir='ltr'>distinctio,</span> <span class='ocrx_word' id='word_1_50' title='bbox 1021 593 1167 647; x_wconf 85' lang='lat' dir='ltr'>Sciat</span> <span class='ocrx_word' id='word_1_51' title='bbox 1198 612 1296 648; x_wconf 95' lang='lat' dir='ltr'>nec</span> <span class='ocrx_word' id='word_1_52' title='bbox 1326 595 1529 648; x_wconf 88' lang='lat' dir='ltr'>malum</span> <span class='ocrx_word' id='word_1_53' title='bbox 1570 615 1683 650; x_wconf 89' lang='lat' dir='ltr'>esse</span> <span class='ocrx_word' id='word_1_54' title='bbox 1715 600 1886 651; x_wconf 88' lang='lat' dir='ltr'>ullum</span> 
     </span>
     <span class='ocr_line' id='line_1_9' title="bbox 193 668 1888 742; baseline 0.003 -22"><span class='ocrx_word' id='word_1_55' title='bbox 193 669 298 720; x_wconf 90' lang='lat' dir='ltr'>nisi</span> <span class='ocrx_word' id='word_1_56' title='bbox 330 671 486 737; x_wconf 91' lang='lat' dir='ltr'>turpe</span> <span class='ocrx_word' id='word_1_57' title='bbox 525 687 623 722; x_wconf 90' lang='lat' dir='ltr'>nec</span> <span class='ocrx_word' id='word_1_58' title='bbox 654 668 855 722; x_wconf 89' lang='lat' dir='ltr'>bonum</span> <span class='ocrx_word' id='word_1_59' title='bbox 895 668 999 721; x_wconf 89' lang='lat' dir='ltr'>nisi</span> <span class='ocrx_word' id='word_1_60' title='bbox 1039 669 1346 740; x_wconf 83' lang='lat' dir='ltr'>honestum3</span> <span class='ocrx_word' id='word_1_61' title='bbox 1389 671 1491 723; x_wconf 90' lang='lat' dir='ltr'>hac</span> <span class='ocrx_word' id='word_1_62' title='bbox 1529 673 1715 742; x_wconf 85' lang='lat' dir='ltr'>regula</span> <span class='ocrx_word' id='word_1_63' title='bbox 1745 673 1888 725; x_wconf 85' lang='lat' dir='ltr'>vitae</span> 
     </span>
     <span class='ocr_line' id='line_1_10' title="bbox 195 742 1889 815; baseline 0.003 -20"><span class='ocrx_word' id='word_1_64' title='bbox 195 761 357 812; x_wconf 87' lang='lat' dir='ltr'>opera</span> <span class='ocrx_word' id='word_1_65' title='bbox 389 742 698 814; x_wconf 83' lang='lat' dir='ltr'>distribuat3</span> <span class='ocrx_word' id='word_1_66' title='bbox 737 743 804 794; x_wconf 89' lang='lat' dir='ltr'>ad</span> <span class='ocrx_word' id='word_1_67' title='bbox 835 744 975 796; x_wconf 89' lang='lat' dir='ltr'>hanc</span> <span class='ocrx_word' id='word_1_68' title='bbox 1004 742 1177 814; x_wconf 85' lang='lat' dir='ltr'>legem</span> <span class='ocrx_word' id='word_1_69' title='bbox 1220 747 1274 796; x_wconf 92' lang='lat' dir='ltr'>et</span> <span class='ocrx_word' id='word_1_70' title='bbox 1306 749 1431 815; x_wconf 85' lang='lat' dir='ltr'>agat</span> <span class='ocrx_word' id='word_1_71' title='bbox 1470 749 1659 799; x_wconf 88' lang='lat' dir='ltr'>cuncta</span> <span class='ocrx_word' id='word_1_72' title='bbox 1699 750 1752 799; x_wconf 90' lang='lat' dir='ltr'>et</span> <span class='ocrx_word' id='word_1_73' title='bbox 1783 747 1889 799; x_wconf 86' lang='lat' dir='ltr'>exi-</span> 
     </span>
     <span class='ocr_line' id='line_1_11' title="bbox 195 817 1888 890; baseline 0.003 -21"><span class='ocrx_word' id='word_1_74' title='bbox 195 821 288 888; x_wconf 86' lang='lat' dir='ltr'>gat</span> <span class='ocrx_word' id='word_1_75' title='bbox 318 817 755 886; x_wconf 84' lang='lat' dir='ltr'>miserrimosque</span> <span class='ocrx_word' id='word_1_76' title='bbox 778 818 1090 870; x_wconf 73' lang='lat' dir='ltr'>mortalium</span> <span class='ocrx_word' id='word_1_77' title='bbox 1116 819 1330 887; x_wconf 86' lang='lat' dir='ltr'>iudicet,</span> <span class='ocrx_word' id='word_1_78' title='bbox 1361 820 1418 872; x_wconf 91' lang='lat' dir='ltr'>in</span> <span class='ocrx_word' id='word_1_79' title='bbox 1443 821 1888 890; x_wconf 83' lang='lat' dir='ltr'>quantiscumque</span> 
     </span>
     <span class='ocr_line' id='line_1_12' title="bbox 196 892 1889 965; baseline 0.004 -22"><span class='ocrx_word' id='word_1_80' title='bbox 196 892 386 960; x_wconf 90' lang='lat' dir='ltr'>opibus</span> <span class='ocrx_word' id='word_1_81' title='bbox 425 892 793 963; x_wconf 84' lang='lat' dir='ltr'>refulgebunt,</span> <span class='ocrx_word' id='word_1_82' title='bbox 833 893 1008 945; x_wconf 87' lang='lat' dir='ltr'>ventri</span> <span class='ocrx_word' id='word_1_83' title='bbox 1048 911 1110 946; x_wconf 90' lang='lat' dir='ltr'>ac</span> <span class='ocrx_word' id='word_1_84' title='bbox 1140 893 1354 946; x_wconf 82' lang='lat' dir='ltr'>libidini</span> <span class='ocrx_word' id='word_1_85' title='bbox 1398 894 1604 948; x_wconf 90' lang='lat' dir='ltr'>deditos</span> <span class='ocrx_word' id='word_1_86' title='bbox 1637 914 1889 965; x_wconf 89' lang='lat' dir='ltr'>quorum-</span> 
     </span>
     <span class='ocr_line' id='line_1_13' title="bbox 196 966 1886 1039; baseline 0.002 -20"><span class='ocrx_word' id='word_1_87' title='bbox 196 985 299 1035; x_wconf 89' lang='lat' dir='ltr'>que</span> <span class='ocrx_word' id='word_1_88' title='bbox 323 967 534 1019; x_wconf 89' lang='lat' dir='ltr'>animus</span> <span class='ocrx_word' id='word_1_89' title='bbox 558 967 720 1019; x_wconf 88' lang='lat' dir='ltr'>inerti</span> <span class='ocrx_word' id='word_1_90' title='bbox 746 967 857 1019; x_wconf 91' lang='lat' dir='ltr'>otio</span> <span class='ocrx_word' id='word_1_91' title='bbox 883 970 1077 1036; x_wconf 87' lang='lat' dir='ltr'>torpet.</span> <span class='ocrx_word' id='word_1_92' title='bbox 1116 966 1276 1020; x_wconf 89' lang='lat' dir='ltr'>Dicat</span> <span class='ocrx_word' id='word_1_93' title='bbox 1302 968 1404 1020; x_wconf 92' lang='lat' dir='ltr'>sibi</span> <span class='ocrx_word' id='word_1_94' title='bbox 1430 969 1566 1038; x_wconf 86' lang='lat' dir='ltr'>ipse:</span> <span class='ocrx_word' id='word_1_95' title='bbox 1601 969 1886 1039; x_wconf 83' lang='lat' dir='ltr'>‘Voluptas</span> 
     </span>
     <span class='ocr_line' id='line_1_14' title="bbox 195 1040 1889 1112; baseline 0.003 -19"><span class='ocrx_word' id='word_1_96' title='bbox 195 1040 406 1112; x_wconf 86' lang='lat' dir='ltr'>fragilis</span> <span class='ocrx_word' id='word_1_97' title='bbox 439 1044 535 1110; x_wconf 88' lang='lat' dir='ltr'>est,</span> <span class='ocrx_word' id='word_1_98' title='bbox 574 1041 767 1109; x_wconf 80' lang='lat' dir='ltr'>breviS,</span> <span class='ocrx_word' id='word_1_99' title='bbox 799 1042 1019 1095; x_wconf 87' lang='lat' dir='ltr'>fastidio</span> <span class='ocrx_word' id='word_1_100' title='bbox 1054 1042 1277 1111; x_wconf 90' lang='lat' dir='ltr'>obiecta,</span> <span class='ocrx_word' id='word_1_101' title='bbox 1317 1061 1423 1111; x_wconf 95' lang='lat' dir='ltr'>quo</span> <span class='ocrx_word' id='word_1_102' title='bbox 1456 1043 1664 1096; x_wconf 86' lang='lat' dir='ltr'>avidius</span> <span class='ocrx_word' id='word_1_103' title='bbox 1695 1044 1889 1098; x_wconf 86' lang='lat' dir='ltr'>hausta</span> 
     </span>
     <span class='ocr_line' id='line_1_15' title="bbox 195 1115 1888 1185; baseline 0.002 -17"><span class='ocrx_word' id='word_1_104' title='bbox 195 1119 276 1168; x_wconf 92' lang='lat' dir='ltr'>est</span> <span class='ocrx_word' id='word_1_105' title='bbox 308 1116 467 1168; x_wconf 91' lang='lat' dir='ltr'>citius</span> <span class='ocrx_word' id='word_1_106' title='bbox 500 1117 556 1168; x_wconf 93' lang='lat' dir='ltr'>in</span> <span class='ocrx_word' id='word_1_107' title='bbox 588 1115 914 1169; x_wconf 84' lang='lat' dir='ltr'>contrarium</span> <span class='ocrx_word' id='word_1_108' title='bbox 945 1116 1202 1185; x_wconf 79' lang='lat' dir='ltr'>recidenS,</span> <span class='ocrx_word' id='word_1_109' title='bbox 1233 1117 1383 1171; x_wconf 91' lang='lat' dir='ltr'>cuius</span> <span class='ocrx_word' id='word_1_110' title='bbox 1417 1118 1643 1171; x_wconf 87' lang='lat' dir='ltr'>subinde</span> <span class='ocrx_word' id='word_1_111' title='bbox 1673 1137 1888 1172; x_wconf 89' lang='lat' dir='ltr'>necesse</span> 
     </span>
     <span class='ocr_line' id='line_1_16' title="bbox 195 1189 1888 1264; baseline 0.002 -21"><span class='ocrx_word' id='word_1_112' title='bbox 195 1194 276 1243; x_wconf 88' lang='lat' dir='ltr'>est</span> <span class='ocrx_word' id='word_1_113' title='bbox 307 1193 401 1243; x_wconf 88' lang='lat' dir='ltr'>aut</span> <span class='ocrx_word' id='word_1_114' title='bbox 431 1189 704 1259; x_wconf 88' lang='lat' dir='ltr'>paeniteat</span> <span class='ocrx_word' id='word_1_115' title='bbox 734 1194 826 1243; x_wconf 91' lang='lat' dir='ltr'>aut</span> <span class='ocrx_word' id='word_1_116' title='bbox 857 1191 1076 1260; x_wconf 86' lang='lat' dir='ltr'>pudeat,</span> <span class='ocrx_word' id='word_1_117' title='bbox 1116 1192 1170 1243; x_wconf 88' lang='lat' dir='ltr'>in</span> <span class='ocrx_word' id='word_1_118' title='bbox 1214 1210 1319 1260; x_wconf 90' lang='lat' dir='ltr'>qua</span> <span class='ocrx_word' id='word_1_119' title='bbox 1357 1192 1495 1245; x_wconf 89' lang='lat' dir='ltr'>nihil</span> <span class='ocrx_word' id='word_1_120' title='bbox 1534 1196 1614 1245; x_wconf 89' lang='lat' dir='ltr'>est</span> <span class='ocrx_word' id='word_1_121' title='bbox 1646 1194 1888 1264; x_wconf 85' lang='lat' dir='ltr'>magnifi-</span> 
     </span>
     <span class='ocr_line' id='line_1_17' title="bbox 196 1264 1887 1338; baseline 0.002 -21"><span class='ocrx_word' id='word_1_122' title='bbox 196 1283 314 1317; x_wconf 92' lang='lat' dir='ltr'>cum</span> <span class='ocrx_word' id='word_1_123' title='bbox 349 1268 442 1317; x_wconf 88' lang='lat' dir='ltr'>aut</span> <span class='ocrx_word' id='word_1_124' title='bbox 475 1264 618 1333; x_wconf 92' lang='lat' dir='ltr'>quod</span> <span class='ocrx_word' id='word_1_125' title='bbox 648 1269 895 1317; x_wconf 86' lang='lat' dir='ltr'>naturam</span> <span class='ocrx_word' id='word_1_126' title='bbox 928 1265 1163 1318; x_wconf 88' lang='lat' dir='ltr'>hominis</span> <span class='ocrx_word' id='word_1_127' title='bbox 1197 1266 1277 1318; x_wconf 92' lang='lat' dir='ltr'>dis</span> <span class='ocrx_word' id='word_1_128' title='bbox 1309 1267 1542 1335; x_wconf 86' lang='lat' dir='ltr'>proximi</span> <span class='ocrx_word' id='word_1_129' title='bbox 1576 1267 1773 1338; x_wconf 84' lang='lat' dir='ltr'>deceat,</span> <span class='ocrx_word' id='word_1_130' title='bbox 1802 1286 1887 1321; x_wconf 86' lang='lat' dir='ltr'>res</span> 
     </span>
     <span class='ocr_line' id='line_1_18' title="bbox 194 1339 1889 1409; baseline 0.002 -17"><span class='ocrx_word' id='word_1_131' title='bbox 194 1339 432 1408; x_wconf 87' lang='lat' dir='ltr'>humilis,</span> <span class='ocrx_word' id='word_1_132' title='bbox 463 1339 827 1392; x_wconf 88' lang='lat' dir='ltr'>membrorum</span> <span class='ocrx_word' id='word_1_133' title='bbox 860 1341 1102 1409; x_wconf 89' lang='lat' dir='ltr'>turpium</span> <span class='ocrx_word' id='word_1_134' title='bbox 1135 1344 1228 1393; x_wconf 87' lang='lat' dir='ltr'>aut</span> <span class='ocrx_word' id='word_1_135' title='bbox 1252 1340 1436 1393; x_wconf 85' lang='lat' dir='ltr'>vilium</span> <span class='ocrx_word' id='word_1_136' title='bbox 1473 1341 1770 1395; x_wconf 90' lang='lat' dir='ltr'>ministerio</span> <span class='ocrx_word' id='word_1_137' title='bbox 1803 1362 1889 1396; x_wconf 87' lang='lat' dir='ltr'>ve-</span> 
     </span>
     <span class='ocr_line' id='line_1_19' title="bbox 194 1413 1887 1484; baseline 0.003 -18"><span class='ocrx_word' id='word_1_138' title='bbox 194 1414 369 1484; x_wconf 91' lang='lat' dir='ltr'>niens,</span> <span class='ocrx_word' id='word_1_139' title='bbox 409 1414 557 1466; x_wconf 85' lang='lat' dir='ltr'>exitu</span> <span class='ocrx_word' id='word_1_140' title='bbox 589 1414 758 1467; x_wconf 88' lang='lat' dir='ltr'>foeda.</span> <span class='ocrx_word' id='word_1_141' title='bbox 813 1413 915 1467; x_wconf 77' lang='lat' dir='ltr'>Illa</span> <span class='ocrx_word' id='word_1_142' title='bbox 947 1418 1028 1468; x_wconf 89' lang='lat' dir='ltr'>est</span> <span class='ocrx_word' id='word_1_143' title='bbox 1058 1417 1307 1484; x_wconf 85' lang='lat' dir='ltr'>voluptas</span> <span class='ocrx_word' id='word_1_144' title='bbox 1347 1418 1400 1467; x_wconf 86' lang='lat' dir='ltr'>et</span> <span class='ocrx_word' id='word_1_145' title='bbox 1430 1415 1647 1468; x_wconf 89' lang='lat' dir='ltr'>homine</span> <span class='ocrx_word' id='word_1_146' title='bbox 1687 1420 1743 1470; x_wconf 93' lang='lat' dir='ltr'>et</span> <span class='ocrx_word' id='word_1_147' title='bbox 1772 1417 1887 1471; x_wconf 82' lang='lat' dir='ltr'>viro</span> 
     </span>
     <span class='ocr_line' id='line_1_20' title="bbox 197 1489 1887 1561; baseline 0.003 -21"><span class='ocrx_word' id='word_1_148' title='bbox 197 1489 359 1559; x_wconf 87' lang='lat' dir='ltr'>digna</span> <span class='ocrx_word' id='word_1_149' title='bbox 396 1507 505 1541; x_wconf 91' lang='lat' dir='ltr'>non</span> <span class='ocrx_word' id='word_1_150' title='bbox 538 1489 742 1558; x_wconf 90' lang='lat' dir='ltr'>inplere</span> <span class='ocrx_word' id='word_1_151' title='bbox 774 1507 967 1558; x_wconf 88' lang='lat' dir='ltr'>corpus</span> <span class='ocrx_word' id='word_1_152' title='bbox 1007 1509 1106 1543; x_wconf 93' lang='lat' dir='ltr'>nec</span> <span class='ocrx_word' id='word_1_153' title='bbox 1147 1490 1391 1560; x_wconf 86' lang='lat' dir='ltr'>saginare</span> <span class='ocrx_word' id='word_1_154' title='bbox 1429 1509 1527 1544; x_wconf 91' lang='lat' dir='ltr'>nec</span> <span class='ocrx_word' id='word_1_155' title='bbox 1568 1492 1887 1561; x_wconf 86' lang='lat' dir='ltr'>cupiditates</span> 
     </span>
     <span class='ocr_line' id='line_1_21' title="bbox 195 1563 1888 1634; baseline 0.002 -18"><span class='ocrx_word' id='word_1_156' title='bbox 195 1563 432 1632; x_wconf 85' lang='lat' dir='ltr'>inritare,</span> <span class='ocrx_word' id='word_1_157' title='bbox 473 1582 700 1632; x_wconf 87' lang='lat' dir='ltr'>quarum</span> <span class='ocrx_word' id='word_1_158' title='bbox 732 1564 1003 1617; x_wconf 90' lang='lat' dir='ltr'>tutissima</span> <span class='ocrx_word' id='word_1_159' title='bbox 1036 1567 1117 1617; x_wconf 92' lang='lat' dir='ltr'>est</span> <span class='ocrx_word' id='word_1_160' title='bbox 1148 1566 1315 1634; x_wconf 82' lang='lat' dir='ltr'>quieS,</span> <span class='ocrx_word' id='word_1_161' title='bbox 1355 1565 1447 1617; x_wconf 90' lang='lat' dir='ltr'>sed</span> <span class='ocrx_word' id='word_1_162' title='bbox 1485 1566 1888 1634; x_wconf 87' lang='lat' dir='ltr'>perturbatione</span> 
     </span>
     <span class='ocr_line' id='line_1_22' title="bbox 196 1638 1888 1707; baseline 0.002 -17"><span class='ocrx_word' id='word_1_163' title='bbox 196 1656 372 1691; x_wconf 88' lang='lat' dir='ltr'>carere</span> <span class='ocrx_word' id='word_1_164' title='bbox 404 1641 457 1690; x_wconf 91' lang='lat' dir='ltr'>et</span> <span class='ocrx_word' id='word_1_165' title='bbox 482 1657 557 1707; x_wconf 88' lang='lat' dir='ltr'>ea,</span> <span class='ocrx_word' id='word_1_166' title='bbox 590 1657 750 1707; x_wconf 91' lang='lat' dir='ltr'>quam</span> <span class='ocrx_word' id='word_1_167' title='bbox 774 1638 1053 1692; x_wconf 89' lang='lat' dir='ltr'>hominum</span> <span class='ocrx_word' id='word_1_168' title='bbox 1078 1639 1221 1692; x_wconf 88' lang='lat' dir='ltr'>inter</span> <span class='ocrx_word' id='word_1_169' title='bbox 1251 1658 1307 1691; x_wconf 89' lang='lat' dir='ltr'>se</span> <span class='ocrx_word' id='word_1_170' title='bbox 1331 1640 1622 1693; x_wconf 86' lang='lat' dir='ltr'>rixantium</span> <span class='ocrx_word' id='word_1_171' title='bbox 1656 1641 1888 1694; x_wconf 83' lang='lat' dir='ltr'>ambitus</span> 
     </span>
     <span class='ocr_line' id='line_1_23' title="bbox 197 1713 1887 1784; baseline 0.001 -18"><span class='ocrx_word' id='word_1_172' title='bbox 197 1713 450 1782; x_wconf 80' lang='lat' dir='ltr'>concutit,</span> <span class='ocrx_word' id='word_1_173' title='bbox 489 1716 542 1765; x_wconf 87' lang='lat' dir='ltr'>et</span> <span class='ocrx_word' id='word_1_174' title='bbox 574 1731 648 1781; x_wconf 89' lang='lat' dir='ltr'>ea,</span> <span class='ocrx_word' id='word_1_175' title='bbox 689 1732 823 1782; x_wconf 87' lang='lat' dir='ltr'>quae</span> <span class='ocrx_word' id='word_1_176' title='bbox 862 1713 1217 1767; x_wconf 85' lang='lat' dir='ltr'>intolerabilis</span> <span class='ocrx_word' id='word_1_177' title='bbox 1257 1732 1322 1766; x_wconf 85' lang='lat' dir='ltr'>ex</span> <span class='ocrx_word' id='word_1_178' title='bbox 1354 1714 1464 1767; x_wconf 89' lang='lat' dir='ltr'>alto</span> <span class='ocrx_word' id='word_1_179' title='bbox 1497 1716 1658 1784; x_wconf 85' lang='lat' dir='ltr'>venit,</span> <span class='ocrx_word' id='word_1_180' title='bbox 1697 1716 1791 1768; x_wconf 91' lang='lat' dir='ltr'>ubi</span> <span class='ocrx_word' id='word_1_181' title='bbox 1824 1716 1887 1768; x_wconf 93' lang='lat' dir='ltr'>de</span> 
     </span>
     <span class='ocr_line' id='line_1_24' title="bbox 196 1788 1889 1857; baseline 0.002 -18"><span class='ocrx_word' id='word_1_182' title='bbox 196 1788 276 1840; x_wconf 92' lang='lat' dir='ltr'>dis</span> <span class='ocrx_word' id='word_1_183' title='bbox 310 1788 482 1840; x_wconf 87' lang='lat' dir='ltr'>famae</span> <span class='ocrx_word' id='word_1_184' title='bbox 515 1789 774 1841; x_wconf 90' lang='lat' dir='ltr'>creditum</span> <span class='ocrx_word' id='word_1_185' title='bbox 808 1791 888 1841; x_wconf 90' lang='lat' dir='ltr'>est</span> <span class='ocrx_word' id='word_1_186' title='bbox 911 1788 1165 1857; x_wconf 87' lang='lat' dir='ltr'>vitiisque</span> <span class='ocrx_word' id='word_1_187' title='bbox 1197 1789 1320 1842; x_wconf 83' lang='lat' dir='ltr'>illos</span> <span class='ocrx_word' id='word_1_188' title='bbox 1352 1789 1554 1841; x_wconf 91' lang='lat' dir='ltr'>nostris</span> <span class='ocrx_word' id='word_1_189' title='bbox 1585 1791 1889 1843; x_wconf 84' lang='lat' dir='ltr'>aestimavi-</span> 
     </span>
     <span class='ocr_line' id='line_1_25' title="bbox 195 1861 1887 1934; baseline 0.002 -20"><span class='ocrx_word' id='word_1_190' title='bbox 195 1861 349 1915; x_wconf 89' lang='lat' dir='ltr'>mus.&#39;</span> <span class='ocrx_word' id='word_1_191' title='bbox 381 1861 537 1914; x_wconf 92' lang='lat' dir='ltr'>Hanc</span> <span class='ocrx_word' id='word_1_192' title='bbox 560 1864 890 1932; x_wconf 86' lang='lat' dir='ltr'>voluptatem</span> <span class='ocrx_word' id='word_1_193' title='bbox 919 1863 1212 1931; x_wconf 88' lang='lat' dir='ltr'>aequalem,</span> <span class='ocrx_word' id='word_1_194' title='bbox 1235 1863 1573 1933; x_wconf 82' lang='lat' dir='ltr'>intrepidam,</span> <span class='ocrx_word' id='word_1_195' title='bbox 1596 1883 1887 1934; x_wconf 86' lang='lat' dir='ltr'>numquam</span> 
     </span>
     <span class='ocr_line' id='line_1_26' title="bbox 196 1938 1887 2007; baseline 0.002 -19"><span class='ocrx_word' id='word_1_196' title='bbox 196 1955 468 1989; x_wconf 86' lang='lat' dir='ltr'>sensuram</span> <span class='ocrx_word' id='word_1_197' title='bbox 509 1938 591 1989; x_wconf 90' lang='lat' dir='ltr'>sui</span> <span class='ocrx_word' id='word_1_198' title='bbox 630 1938 865 1990; x_wconf 88' lang='lat' dir='ltr'>taedium</span> <span class='ocrx_word' id='word_1_199' title='bbox 905 1938 1135 2006; x_wconf 86' lang='lat' dir='ltr'>percipit</span> <span class='ocrx_word' id='word_1_200' title='bbox 1173 1938 1282 2006; x_wconf 91' lang='lat' dir='ltr'>hic,</span> <span class='ocrx_word' id='word_1_201' title='bbox 1326 1956 1484 2007; x_wconf 91' lang='lat' dir='ltr'>quem</span> <span class='ocrx_word' id='word_1_202' title='bbox 1527 1939 1887 1992; x_wconf 88' lang='lat' dir='ltr'>deformamus</span> 
     </span>
     <span class='ocr_line' id='line_1_27' title="bbox 194 2085 1886 2158; baseline 0.002 -20"><span class='ocrx_word' id='word_1_203' title='bbox 194 2085 412 2155; x_wconf 74' lang='lat' dir='ltr'>peritus</span> <span class='ocrx_word' id='word_1_204' title='bbox 455 2085 561 2139; x_wconf 92' lang='lat' dir='ltr'>Hic</span> <span class='ocrx_word' id='word_1_205' title='bbox 585 2087 956 2155; x_wconf 90' lang='lat' dir='ltr'>praesentibus</span> <span class='ocrx_word' id='word_1_206' title='bbox 981 2088 1193 2156; x_wconf 86' lang='lat' dir='ltr'>gaudet,</span> <span class='ocrx_word' id='word_1_207' title='bbox 1226 2105 1289 2140; x_wconf 87' lang='lat' dir='ltr'>ex</span> <span class='ocrx_word' id='word_1_208' title='bbox 1313 2088 1496 2140; x_wconf 89' lang='lat' dir='ltr'>futuro</span> <span class='ocrx_word' id='word_1_209' title='bbox 1528 2106 1636 2140; x_wconf 92' lang='lat' dir='ltr'>non</span> <span class='ocrx_word' id='word_1_210' title='bbox 1671 2089 1886 2158; x_wconf 82' lang='lat' dir='ltr'>pendet3</span> 
     </span>
     <span class='ocr_line' id='line_1_28' title="bbox 194 2160 1886 2231; baseline 0.002 -19"><span class='ocrx_word' id='word_1_211' title='bbox 194 2160 332 2213; x_wconf 91' lang='lat' dir='ltr'>nihil</span> <span class='ocrx_word' id='word_1_212' title='bbox 375 2160 515 2213; x_wconf 90' lang='lat' dir='ltr'>enim</span> <span class='ocrx_word' id='word_1_213' title='bbox 560 2161 702 2213; x_wconf 92' lang='lat' dir='ltr'>firmi</span> <span class='ocrx_word' id='word_1_214' title='bbox 746 2160 930 2229; x_wconf 89' lang='lat' dir='ltr'>habet,</span> <span class='ocrx_word' id='word_1_215' title='bbox 980 2163 1072 2230; x_wconf 93' lang='lat' dir='ltr'>qui</span> <span class='ocrx_word' id='word_1_216' title='bbox 1114 2162 1168 2214; x_wconf 91' lang='lat' dir='ltr'>in</span> <span class='ocrx_word' id='word_1_217' title='bbox 1213 2161 1416 2214; x_wconf 88' lang='lat' dir='ltr'>incerta</span> <span class='ocrx_word' id='word_1_218' title='bbox 1451 2180 1748 2231; x_wconf 89' lang='lat' dir='ltr'>propensus</span> <span class='ocrx_word' id='word_1_219' title='bbox 1793 2166 1886 2216; x_wconf 87' lang='lat' dir='ltr'>est.</span> 
     </span>
    </p>
   </div>
   <div class='ocr_carea' id='block_1_4' title="bbox 1571 2303 1881 2313">
    <p class='ocr_par' dir='ltr' id='par_1_4' title="bbox 1571 2303 1881 2313">
     <span class='ocr_line' id='line_1_29' title="bbox 1571 2303 1881 2313; baseline 0 819"><span class='ocrx_word' id='word_1_220' title='bbox 1571 2303 1881 2313; x_wconf 95' lang='lat' dir='ltr'> </span> 
     </span>
    </p>
   </div>
   <div class='ocr_carea' id='block_1_5' title="bbox 193 2382 1888 2968">
    <p class='ocr_par' dir='ltr' id='par_1_5' title="bbox 193 2382 1888 2679">
     <span class='ocr_line' id='line_1_30' title="bbox 267 2382 1888 2440; baseline 0.001 -15"><span class='ocrx_word' id='word_1_221' title='bbox 267 2391 287 2425; x_wconf 93' lang='lat'>1</span> <span class='ocrx_word' id='word_1_222' title='bbox 319 2382 408 2426; x_wconf 92' lang='lat' dir='ltr'>hoc</span> <span class='ocrx_word' id='word_1_223' title='bbox 441 2388 467 2425; x_wconf 98' lang='lat' dir='ltr'>S</span> <span class='ocrx_word' id='word_1_224' title='bbox 573 2383 722 2426; x_wconf 84' lang='lat' dir='ltr'>teneri</span> <span class='ocrx_word' id='word_1_225' title='bbox 757 2387 796 2425; x_wconf 73' lang='lat' dir='ltr'>N</span> <span class='ocrx_word' id='word_1_226' title='bbox 909 2392 931 2426; x_wconf 78' lang='lat'>2</span> <span class='ocrx_word' id='word_1_227' title='bbox 963 2383 1051 2427; x_wconf 93' lang='lat' dir='ltr'>hoc</span> <span class='ocrx_word' id='word_1_228' title='bbox 1085 2389 1110 2426; x_wconf 90' lang='lat' dir='ltr'>S</span> <span class='ocrx_word' id='word_1_229' title='bbox 1223 2399 1477 2440; x_wconf 82' lang='lat' dir='ltr'>numquam</span> <span class='ocrx_word' id='word_1_230' title='bbox 1510 2399 1537 2433; x_wconf 87' lang='grc' dir='ltr'><strong><em>ς</em></strong></span> <span class='ocrx_word' id='word_1_231' title='bbox 1642 2383 1888 2428; x_wconf 86' lang='lat' dir='ltr'>demittere</span> 
     </span>
     <span class='ocr_line' id='line_1_31' title="bbox 193 2442 1887 2500; baseline 0.002 -16"><span class='ocrx_word' id='word_1_232' title='bbox 193 2442 256 2484; x_wconf 75' lang='lat' dir='ltr'>Nl</span> <span class='ocrx_word' id='word_1_233' title='bbox 370 2442 569 2486; x_wconf 85' lang='lat' dir='ltr'>adficere</span> <span class='ocrx_word' id='word_1_234' title='bbox 599 2442 692 2499; x_wconf 88' lang='lat' dir='ltr'>(aff.</span> <span class='ocrx_word' id='word_1_235' title='bbox 728 2445 777 2499; x_wconf 74' lang='lat' dir='ltr'>G)</span> <span class='ocrx_word' id='word_1_236' title='bbox 812 2447 842 2485; x_wconf 92' lang='lat'>0</span> <span class='ocrx_word' id='word_1_237' title='bbox 875 2458 988 2487; x_wconf 84' lang='lat' dir='ltr'>corr.</span> <span class='ocrx_word' id='word_1_238' title='bbox 1022 2461 1056 2487; x_wconf 87' lang='grc' dir='ltr'><em>ω</em></span> <span class='ocrx_word' id='word_1_239' title='bbox 1173 2452 1197 2486; x_wconf 80' lang='lat'><em>8</em></span> <span class='ocrx_word' id='word_1_240' title='bbox 1228 2446 1416 2500; x_wconf 86' lang='lat' dir='ltr'>partum</span> <span class='ocrx_word' id='word_1_241' title='bbox 1445 2443 1508 2486; x_wconf 68' lang='lat'>13¹</span> <span class='ocrx_word' id='word_1_242' title='bbox 1619 2443 1887 2487; x_wconf 82' lang='lat' dir='ltr'>meditaone</span> 
     </span>
     <span class='ocr_line' id='line_1_32' title="bbox 193 2501 1885 2548; baseline 0.002 -5"><span class='ocrx_word' id='word_1_243' title='bbox 193 2501 256 2543; x_wconf 57' lang='grc' dir='ltr'>Νι</span> <span class='ocrx_word' id='word_1_244' title='bbox 377 2510 400 2544; x_wconf 77' lang='grc'><strong>6</strong></span> <span class='ocrx_word' id='word_1_245' title='bbox 433 2516 532 2545; x_wconf 86' lang='lat' dir='ltr'>esse</span> <span class='ocrx_word' id='word_1_246' title='bbox 563 2501 710 2545; x_wconf 88' lang='lat' dir='ltr'>ullum</span> <span class='ocrx_word' id='word_1_247' title='bbox 745 2516 846 2546; x_wconf 87' lang='lat' dir='ltr'>esse</span> <span class='ocrx_word' id='word_1_248' title='bbox 876 2502 969 2546; x_wconf 86' lang='lat' dir='ltr'>nisi</span> <span class='ocrx_word' id='word_1_249' title='bbox 1000 2507 1039 2545; x_wconf 78' lang='grc' dir='ltr'><strong>Ν</strong></span> <span class='ocrx_word' id='word_1_250' title='bbox 1161 2512 1180 2546; x_wconf 78' lang='lat'>¹7</span> <span class='ocrx_word' id='word_1_251' title='bbox 1214 2503 1386 2548; x_wconf 92' lang='lat' dir='ltr'>bonum</span> <span class='ocrx_word' id='word_1_252' title='bbox 1419 2517 1520 2547; x_wconf 89' lang='lat' dir='ltr'>esse</span> <span class='ocrx_word' id='word_1_253' title='bbox 1553 2509 1578 2546; x_wconf 89' lang='lat' dir='ltr'>S</span> <span class='ocrx_word' id='word_1_254' title='bbox 1699 2512 1722 2546; x_wconf 88' lang='lat'><em>8</em></span> <span class='ocrx_word' id='word_1_255' title='bbox 1755 2503 1885 2546; x_wconf 88' lang='lat' dir='ltr'>distr.</span> 
     </span>
     <span class='ocr_line' id='line_1_33' title="bbox 195 2561 1887 2619; baseline 0.001 -15"><span class='ocrx_word' id='word_1_256' title='bbox 195 2563 242 2604; x_wconf 88' lang='lat' dir='ltr'>et</span> <span class='ocrx_word' id='word_1_257' title='bbox 271 2561 332 2604; x_wconf 85' lang='lat' dir='ltr'>ad</span> <span class='ocrx_word' id='word_1_258' title='bbox 363 2561 407 2604; x_wconf 91' lang='lat' dir='ltr'>h.</span> <span class='ocrx_word' id='word_1_259' title='bbox 440 2561 652 2619; x_wconf 82' lang='lat' dir='ltr'>regulam</span> <span class='ocrx_word' id='word_1_260' title='bbox 683 2564 798 2618; x_wconf 85' lang='lat' dir='ltr'>agat</span> <span class='ocrx_word' id='word_1_261' title='bbox 829 2568 855 2604; x_wconf 89' lang='lat' dir='ltr'>S</span> <span class='ocrx_word' id='word_1_262' title='bbox 997 2571 1021 2605; x_wconf 83' lang='grc'>9</span> <span class='ocrx_word' id='word_1_263' title='bbox 1052 2562 1336 2608; x_wconf 75' lang='lat' dir='ltr'>miserrimos</span> <span class='ocrx_word' id='word_1_264' title='bbox 1368 2576 1553 2619; x_wconf 91' lang='lat' dir='ltr'>quoque</span> <span class='ocrx_word' id='word_1_265' title='bbox 1586 2568 1612 2605; x_wconf 86' lang='lat' dir='ltr'>S</span> <span class='ocrx_word' id='word_1_266' title='bbox 1741 2576 1887 2618; x_wconf 89' lang='lat' dir='ltr'>quan-</span> 
     </span>
     <span class='ocr_line' id='line_1_34' title="bbox 193 2620 1886 2679; baseline 0.001 -16"><span class='ocrx_word' id='word_1_267' title='bbox 193 2620 479 2677; x_wconf 87' lang='lat' dir='ltr'>tumcunque</span> <span class='ocrx_word' id='word_1_268' title='bbox 509 2627 534 2664; x_wconf 87' lang='lat' dir='ltr'>S</span> <span class='ocrx_word' id='word_1_269' title='bbox 647 2630 694 2664; x_wconf 89' lang='lat'>10</span> <span class='ocrx_word' id='word_1_270' title='bbox 724 2621 972 2678; x_wconf 86' lang='lat' dir='ltr'>fulgebunt</span> <span class='ocrx_word' id='word_1_271' title='bbox 995 2627 1020 2664; x_wconf 88' lang='lat' dir='ltr'>S</span> <span class='ocrx_word' id='word_1_272' title='bbox 1125 2623 1248 2667; x_wconf 85' lang='lat' dir='ltr'>uetri</span> <span class='ocrx_word' id='word_1_273' title='bbox 1270 2622 1333 2665; x_wconf 73' lang='lat' dir='ltr'>Nl</span> <span class='ocrx_word' id='word_1_274' title='bbox 1437 2635 1834 2679; x_wconf 88' lang='lat' dir='ltr'>quorumcumque</span> <span class='ocrx_word' id='word_1_275' title='bbox 1861 2628 1886 2665; x_wconf 85' lang='lat' dir='ltr'>S</span> 
     </span>
    </p>

    <p class='ocr_par' dir='ltr' id='par_1_6' title="bbox 193 2680 1885 2968">
     <span class='ocr_line' id='line_1_35' title="bbox 267 2680 1884 2738; baseline 0.001 -15"><span class='ocrx_word' id='word_1_276' title='bbox 267 2688 314 2723; x_wconf 84' lang='lat'>18</span> <span class='ocrx_word' id='word_1_277' title='bbox 345 2680 514 2724; x_wconf 86' lang='lat' dir='ltr'>reccid.</span> <span class='ocrx_word' id='word_1_278' title='bbox 540 2685 625 2723; x_wconf 75' lang='lat' dir='ltr'>NB</span> <span class='ocrx_word' id='word_1_279' title='bbox 745 2690 791 2724; x_wconf 81' lang='lat'>15</span> <span class='ocrx_word' id='word_1_280' title='bbox 815 2695 887 2725; x_wconf 87' lang='lat' dir='ltr'>res</span> <span class='ocrx_word' id='word_1_281' title='bbox 913 2695 996 2726; x_wconf 88' lang='lat' dir='ltr'>om.</span> <span class='ocrx_word' id='word_1_282' title='bbox 1022 2682 1084 2724; x_wconf 75' lang='lat' dir='ltr'>Nl</span> <span class='ocrx_word' id='word_1_283' title='bbox 1195 2691 1241 2726; x_wconf 75' lang='lat'>1⁹</span> <span class='ocrx_word' id='word_1_284' title='bbox 1272 2682 1457 2738; x_wconf 89' lang='lat' dir='ltr'>inquies</span> <span class='ocrx_word' id='word_1_285' title='bbox 1481 2682 1671 2727; x_wconf 78' lang='lat' dir='ltr'>Skutsch</span> <span class='ocrx_word' id='word_1_286' title='bbox 1783 2694 1884 2738; x_wconf 88' lang='lat' dir='ltr'>per-</span> 
     </span>
     <span class='ocr_line' id='line_1_36' title="bbox 193 2739 1885 2797; baseline 0.001 -15"><span class='ocrx_word' id='word_1_287' title='bbox 193 2739 463 2783; x_wconf 74' lang='lat' dir='ltr'>turbatione</span> <span class='ocrx_word' id='word_1_288' title='bbox 489 2746 514 2783; x_wconf 87' lang='lat' dir='ltr'>S</span> <span class='ocrx_word' id='word_1_289' title='bbox 605 2749 650 2783; x_wconf 78' lang='lat'>21</span> <span class='ocrx_word' id='word_1_290' title='bbox 683 2741 889 2784; x_wconf 84' lang='lat' dir='ltr'>concitat</span> <span class='ocrx_word' id='word_1_291' title='bbox 916 2742 1049 2786; x_wconf 82' lang='lat' dir='ltr'>Grut.</span> <span class='ocrx_word' id='word_1_292' title='bbox 1142 2750 1190 2785; x_wconf 76' lang='lat'>23</span> <span class='ocrx_word' id='word_1_293' title='bbox 1221 2741 1513 2786; x_wconf 86' lang='lat' dir='ltr'>uoluntatem</span> <span class='ocrx_word' id='word_1_294' title='bbox 1544 2746 1577 2783; x_wconf 84' lang='lat' dir='ltr'>P</span> <span class='ocrx_word' id='word_1_295' title='bbox 1667 2750 1715 2783; x_wconf 77' lang='lat'>24</span> <span class='ocrx_word' id='word_1_296' title='bbox 1747 2754 1885 2797; x_wconf 84' lang='lat' dir='ltr'>quem</span> 
     </span>
     <span class='ocr_line' id='line_1_37' title="bbox 193 2799 1885 2857; baseline 0.001 -15"><span class='ocrx_word' id='word_1_297' title='bbox 193 2813 303 2843; x_wconf 88' lang='lat' dir='ltr'>uere</span> <span class='ocrx_word' id='word_1_298' title='bbox 336 2799 428 2842; x_wconf 88' lang='lat' dir='ltr'>def.</span> <span class='ocrx_word' id='word_1_299' title='bbox 456 2805 482 2842; x_wconf 91' lang='lat' dir='ltr'>S</span> <span class='ocrx_word' id='word_1_300' title='bbox 581 2808 630 2843; x_wconf 75' lang='lat'>25</span> <span class='ocrx_word' id='word_1_301' title='bbox 662 2814 768 2843; x_wconf 91' lang='lat' dir='ltr'>cum</span> <span class='ocrx_word' id='word_1_302' title='bbox 792 2801 925 2845; x_wconf 76' lang='lat' dir='ltr'>Pinc.</span> <span class='ocrx_word' id='word_1_303' title='bbox 959 2815 1100 2856; x_wconf 90' lang='lat' dir='ltr'>quom</span> <span class='ocrx_word' id='word_1_304' title='bbox 1124 2801 1314 2847; x_wconf 80' lang='lat' dir='ltr'>Skutsch</span> <span class='ocrx_word' id='word_1_305' title='bbox 1345 2801 1426 2857; x_wconf 89' lang='lat' dir='ltr'>qui</span> <span class='ocrx_word' id='word_1_306' title='bbox 1451 2806 1486 2844; x_wconf 83' lang='lat' dir='ltr'>G</span> <span class='ocrx_word' id='word_1_307' title='bbox 1517 2814 1655 2856; x_wconf 86' lang='lat' dir='ltr'>quem</span> <span class='ocrx_word' id='word_1_308' title='bbox 1680 2804 1710 2843; x_wconf 91' lang='lat'>0</span> <span class='ocrx_word' id='word_1_309' title='bbox 1743 2813 1885 2856; x_wconf 85' lang='lat' dir='ltr'>quam</span> 
     </span>
     <span class='ocr_line' id='line_1_38' title="bbox 193 2859 1797 2920; baseline 0 -17"><span class='ocrx_word' id='word_1_310' title='bbox 193 2859 288 2903; x_wconf 82' lang='lat' dir='ltr'>cod.</span> <span class='ocrx_word' id='word_1_311' title='bbox 307 2860 438 2904; x_wconf 78' lang='lat' dir='ltr'>Pinc.</span> <span class='ocrx_word' id='word_1_312' title='bbox 481 2859 712 2913; x_wconf 84' lang='lat' dir='ltr'>Quoniam</span> <span class='ocrx_word' id='word_1_313' title='bbox 739 2894 748 2904; x_wconf 89' lang='lat'><strong><em>.</em></strong></span> <span class='ocrx_word' id='word_1_314' title='bbox 775 2893 785 2904; x_wconf 84' lang='lat'><strong>.</strong></span> <span class='ocrx_word' id='word_1_315' title='bbox 810 2859 990 2917; x_wconf 85' lang='lat' dir='ltr'>peritus</span> <span class='ocrx_word' id='word_1_316' title='bbox 1021 2860 1100 2907; x_wconf 89' lang='lat' dir='ltr'>hic</span> <span class='ocrx_word' id='word_1_317' title='bbox 1135 2861 1287 2909; x_wconf 78' lang='lat' dir='ltr'>Gund.</span> <span class='ocrx_word' id='word_1_318' title='bbox 1422 2870 1470 2906; x_wconf 77' lang='lat'>26</span> <span class='ocrx_word' id='word_1_319' title='bbox 1501 2860 1733 2920; x_wconf 84' lang='lat' dir='ltr'>periturus</span> <span class='ocrx_word' id='word_1_320' title='bbox 1765 2865 1797 2907; x_wconf 75' lang='lat' dir='ltr'>P</span> 
     </span>
     <span class='ocr_line' id='line_1_39' title="bbox 194 2918 732 2968; baseline 0.006 -5"><span class='ocrx_word' id='word_1_321' title='bbox 194 2927 239 2964; x_wconf 76' lang='grc'>27</span> <span class='ocrx_word' id='word_1_322' title='bbox 273 2918 323 2966; x_wconf 75' lang='lat' dir='ltr'>in</span> <span class='ocrx_word' id='word_1_323' title='bbox 354 2918 499 2967; x_wconf 68' lang='lat'>11²0?</span> <span class='ocrx_word' id='word_1_324' title='bbox 531 2933 614 2968; x_wconf 80' lang='lat' dir='ltr'>om,</span> <span class='ocrx_word' id='word_1_325' title='bbox 646 2924 732 2966; x_wconf 76' lang='lat' dir='ltr'>NR</span> 
     </span>
    </p>
   </div>
   <div class='ocr_carea' id='block_1_6' title="bbox 1916 919 1955 951">
    <p class='ocr_par' dir='ltr' id='par_1_7' title="bbox 1916 919 1955 951">
     <span class='ocr_line' id='line_1_40' title="bbox 1916 919 1955 951; baseline -0.026 0"><span class='ocrx_word' id='word_1_326' title='bbox 1916 919 1955 951; x_wconf 86' lang='lat'>10</span> 
     </span>
    </p>
   </div>
   <div class='ocr_carea' id='block_1_7' title="bbox 1915 1291 1954 1323">
    <p class='ocr_par' dir='ltr' id='par_1_8' title="bbox 1915 1291 1954 1323">
     <span class='ocr_line' id='line_1_41' title="bbox 1915 1291 1954 1323; baseline 0 0"><span class='ocrx_word' id='word_1_327' title='bbox 1915 1291 1954 1323; x_wconf 85' lang='lat'>15</span> 
     </span>
    </p>
   </div>
   <div class='ocr_carea' id='block_1_8' title="bbox 1914 1664 1955 1696">
    <p class='ocr_par' dir='ltr' id='par_1_9' title="bbox 1914 1664 1955 1696">
     <span class='ocr_line' id='line_1_42' title="bbox 1914 1664 1955 1696; baseline 0.024 -1"><span class='ocrx_word' id='word_1_328' title='bbox 1914 1664 1955 1696; x_wconf 79' lang='lat'>20</span> 
     </span>
    </p>
   </div>
   <div class='ocr_carea' id='block_1_9' title="bbox 1913 2037 1954 2068">
    <p class='ocr_par' dir='ltr' id='par_1_10' title="bbox 1913 2037 1954 2068">
     <span class='ocr_line' id='line_1_43' title="bbox 1913 2037 1954 2068; baseline 0 0"><span class='ocrx_word' id='word_1_329' title='bbox 1913 2037 1954 2068; x_wconf 77' lang='lat'>25</span> 
     </span>
    </p>
   </div>
  </div>
 </body>
</html>
