2020 3132
52 817 162 861 VIII
190 824 211 862 1

75 2310 195 2353 IXl

231 78 334 129 188
766 76 812 118 L.
847 74 1082 118 ANNAEI
1114 73 1387 118 SENECAE

227 232 348 266 nem
382 212 695 282 adgnoscet,
738 211 875 263 hanc
907 211 1057 263 nolet
1087 211 1304 279 habere,
1349 211 1394 262 si
1426 211 1648 279 poterit,
1693 210 1922 263 emittet-

228 306 331 357 que
363 287 511 345 illam
538 305 738 355 vocem,
771 305 931 355 quam
956 285 1232 338 Romanus
1268 285 1542 354 inperator
1574 285 1770 354 emisit,
1800 302 1920 338 cum

227 361 307 415 illi
348 362 415 414 ob
448 363 702 413 virtutem
743 365 797 413 et
829 361 962 412 bene
1006 363 1211 431 gestam
1250 377 1362 412 rem
1408 359 1681 427 publicam
1713 361 1921 411 tantum

227 436 340 507 agri
383 436 775 504 decerneretur,
820 437 1082 504 quantum
1123 434 1320 487 arando
1361 452 1468 487 uno
1517 434 1602 486 die
1642 433 1921 486 circumire

227 511 511 580 potuisset:
547 509 692 563 ‘Non
723 528 858 578 opus
890 510 990 562 est'
1023 509 1202 578 inquit
1234 508 1404 561 ‘vobis
1438 526 1499 560 00
1526 507 1656 573 cive,
1688 508 1775 561 cui
1798 507 1922 577 plus

228 604 364 655 opus
398 585 467 638 sit
501 603 661 654 quam
693 584 787 636 uni
821 583 958 638 civi?
1023 582 1236 647 Quanto
1269 582 1622 636 maioris'viri
1654 585 1814 651 putas
1845 601 1923 634 re-

227 661 436 729 spuisse
460 660 565 712 1100
588 677 783 711 munus
808 677 968 728 quam
993 659 1271 711 memisse!
1296 657 1454 710 multi
1479 657 1620 710 enim
1648 658 1778 709 fines
1803 657 1923 709 aliis

227 734 584 802 abstulerunt,
615 734 718 786 sibi
750 752 906 786 nemo
940 733 1234 786 constituit.

307 809 453 880 Ergo
487 827 608 861 011111
642 809 879 862 animum
913 807 1170 877 sapientis
1202 807 1474 859 intuemur
1504 809 1780 876 potentem
1815 824 1925 858 om-

227 884 377 936 nium
419 887 472 936 et
510 901 606 952 per
636 883 887 936 universa
918 882 1213 952 dimissum,
1253 882 1434 934 omnia
1466 881 1611 934 illius
1651 898 1765 934 esse
1798 879 1923 933 dici-

228 977 364 1028 111118,
398 977 518 1011 011111
553 958 615 1010 ad
648 958 753 1011 hoc
783 959 866 1011 ius
901 956 1271 1026 cottidianum,
1311 957 1356 1008 si
1388 956 1465 1008 ita
1495 974 1579 1009 res
1611 955 1810 1019 tulerit,
1842 974 1921 1008 ca-

229 1035 342 1102 pite
374 1033 692 1086 censebitur.
744 1032 978 1085 Multum
1009 1032 1253 1100 interest,
1293 1031 1559 1100 possessio
1599 1030 1712 1083 eius
1745 1031 1924 1083 animo

230 1127 291 1162 ac
324 1108 691 1178 magnitudine
723 1107 1038 1159 aestimetur
1069 1125 1137 1158 an
1162 1123 1338 1159 censu.
1378 1104 1527 1158 Haec
1557 1104 1805 1158 universa
1835 1104 1926 1156 ha-

228 1184 376 1250 bere,
421 1183 484 1235 de
524 1182 721 1253 quibus
761 1181 1020 1250 loqueris,
1063 1179 1477 1234 abominabitur.
1532 1178 1658 1233 Non
1697 1179 1920 1231 referam

231 1257 332 1310 tibi
359 1256 632 1322 Socraten,
665 1255 1041 1325 Chrysippum,
1074 1255 1341 1308 Zenonem
1376 1257 1431 1308 et
1463 1257 1668 1307 ceteros
1699 1271 1924 1324 magnos

230 1332 446 1401 quidem
482 1331 641 1398 virOS,
674 1332 902 1384 maiores
935 1329 1166 1400 quidem,
1206 1330 1332 1399 quia
1362 1329 1419 1381 in
1447 1329 1660 1381 laudem
1694 1331 1924 1381 vetusto-

228 1426 348 1459 rum
382 1406 581 1459 invidia
612 1425 722 1459 non
754 1406 948 1458 obstat.
999 1405 1169 1458 Paulo
1202 1407 1326 1457 ante
1356 1403 1690 1456 Demetrium
1723 1402 1924 1469 rettuli,

229 1500 387 1551 quem
413 1481 546 1534 mihi
571 1480 783 1533 videtur
805 1499 982 1532 rerum
1007 1483 1200 1532 natura
1223 1479 1423 1532 nostris
1451 1478 1641 1530 tulisse
1674 1477 1925 1547 tempori-

229 1558 345 1624 buS,
385 1559 447 1609 ut
479 1555 782 1608 ostenderet
820 1573 917 1608 nec
950 1555 1103 1608 illum
1137 1573 1167 1606 a
1197 1554 1356 1607 nobis
1390 1552 1660 1622 corrumpi
1698 1570 1796 1605 nec
1826 1570 1924 1604 nos

229 1631 294 1684 ab
335 1632 430 1684 illo
471 1630 667 1699 corripi
706 1647 887 1699 posse,
930 1630 1105 1683 virum
1146 1631 1386 1696 exactae,
1428 1628 1557 1681 licet
1597 1629 1759 1698 neget
1796 1628 1926 1696 ipse,

229 1705 522 1775 sapientiae
555 1706 846 1774 firmaeque
879 1705 934 1756 in
964 1704 1046 1773 iis,
1080 1722 1218 1772 quae
1250 1703 1549 1773 proposuit,
1581 1701 1927 1771 constantiae,

230 1780 568 1849 eloquentiae
601 1798 726 1833 vero
759 1780 896 1848 eius,
938 1797 1074 1848 quae
1104 1796 1189 1831 res
1220 1778 1542 1831 fortissimas
1575 1777 1780 1845 deceat,
1817 1794 1925 1828 non

232 1855 579 1908 concinnatae
617 1871 716 1907 nec
754 1854 811 1906 in
841 1854 1008 1907 verba
1045 1853 1332 1922 sollicitae,
1370 1852 1462 1904 sed
1493 1850 1701 1922 ingenti
1733 1852 1927 1918 anim0,

231 1934 391 1999 prout
422 1930 637 1998 inpetus
668 1928 812 1997 tulit,
842 1947 927 1981 res
951 1946 1074 1980 suas
1099 1927 1488 1998 prosequentis
1528 1925 1670 1979 Huic
1692 1943 1801 1979 non
1834 1925 1927 1977 du-

229 2005 344 2057 bito
385 2005 514 2073 quin
556 2003 894 2073 providentia
934 2006 989 2056 et
1025 2004 1188 2056 talem
1220 2002 1386 2055 vitam
1428 2004 1481 2054 et
1512 2003 1675 2054 talem
1718 1999 1923 2053 dicendi
1977 2023 1993 2053 z

230 2080 543 2132 facultatem
577 2079 797 2146 dederit,
828 2097 895 2131 ne
920 2080 1014 2130 aut
1036 2077 1340 2147 exemplum
1373 2075 1584 2129 saeculo
1615 2078 1801 2128 nostro
1835 2077 1928 2126 aut

232 2154 531 2207 convicium
567 2153 785 2206 deesset.
826 2152 1102 2205 Demetrio
1135 2153 1182 2205 si
1212 2170 1298 2204 res
1331 2155 1545 2204 nostras
1578 2149 1776 2219 aliquis
1808 2149 1928 2202 deo-

230 2248 347 2281 rum
383 2228 734 2297 possidendas
766 2227 898 2280 velit
935 2227 1144 2280 tradere
1178 2226 1277 2279 sub
1308 2227 1427 2297 lege
1460 2228 1626 2294 certa,
1664 2243 1730 2276 110
1768 2224 1928 2277 liceat

231 2304 441 2370 donare,
482 2302 871 2356 adfirmaverim
905 2301 1310 2371 repudiaturum
1351 2300 1747 2368 dicturumque:
1788 2298 1926 2369 ‘Ego

227 2397 353 2432 vero
394 2396 479 2430 me
518 2377 585 2429 ad
624 2377 770 2429 istud
809 2376 1178 2429 inextricabile
1217 2375 1426 2444 pondus
1467 2393 1577 2427 non
1616 2373 1796 2444 adligo
1828 2391 1926 2426 1100
1952 2397 1969 2427 3

304 2504 322 2538 1
357 2494 623 2550 emittitque
655 2494 931 2550 (Emititque
956 2496 1005 2551 P)
1032 2498 1062 2537 0
1170 2503 1194 2537 3
1224 2495 1357 2551 gesta
1381 2497 1419 2535 N
1521 2501 1544 2534 4
1570 2491 1845 2535 decernetur
1867 2490 1929 2532 Nl

307 2554 500 2598 circuire
535 2559 570 2597 G
702 2563 724 2597 5
757 2554 978 2610 inquibus
1010 2553 1145 2598 uobis
1177 2553 1239 2596 ΠΙ
1368 2561 1392 2595 ⁶
1424 2552 1486 2595 sit
1518 2566 1573 2596 ex
1602 2550 1696 2594 fuit
1712 2550 1768 2607 (2)
1802 2555 1839 2592 R

228 2623 271 2657 11
306 2629 410 2658 cum
444 2615 600 2657 autem
633 2615 794 2658 Haase
836 2614 918 2670 qui
951 2613 1011 2657 ad
1047 2614 1207 2668 Gertz;
1250 2627 1315 2658 an
1354 2626 1458 2655 cum
1484 2646 1494 2656 .
1522 2647 1531 2655 .
1558 2609 1840 2655 censeatur?

229 2683 274 2717 12
308 2673 452 2717 ani-mi
485 2675 576 2731 (an.
608 2673 697 2717 hac
725 2674 875 2730 Gertz)
901 2687 1056 2731 magn.
1078 2674 1190 2718 Mrt.
1307 2680 1351 2715 15
1384 2673 1565 2715 socrate
1596 2675 1634 2713 R
1745 2678 1795 2712 16
1827 2668 1927 2724 qui-

230 2734 337 2777 dem
362 2734 500 2790 prius
523 2733 594 2778 del
628 2734 727 2790 My.
760 2734 997 2788 quondam
1015 2734 1146 2777 Koch
1236 2731 1376 2775 laude
1399 2732 1498 2789 My.
1603 2738 1646 2772 17
1680 2728 1845 2772 retulit
1867 2727 1929 2771 Νι

304 2802 354 2836 20
384 2792 482 2837 ullo
515 2807 542 2842 ς
651 2792 820 2850 corrigi
857 2793 989 2837 Grut.
1105 2801 1150 2835 21
1181 2791 1231 2834 in
1261 2790 1335 2834 his
1368 2795 1446 2834 GP
1550 2788 1796 2845 proposuit
1827 2790 1928 2844 (pro

230 2855 282 2897 in
312 2854 422 2909 ras.)
454 2857 492 2895 N
522 2852 682 2909 posuit
713 2856 748 2895 G
868 2861 916 2895 23
950 2851 1248 2896 cincinnatas
1282 2851 1383 2909 My.
1507 2848 1820 2910 sollicitat<a)e
1855 2852 1930 2894 GP

304 2921 353 2960 8⁹
386 2912 680 2962 dictur-umus
714 2916 744 2956 0
777 2926 889 2963 corr.
925 2931 958 2962 ω
1103 2920 1153 2955 80
1183 2924 1270 2959 nec
1302 2923 1384 2959 om.
1420 2914 1454 2958 G

1951 901 1992 932 10

1953 1273 1991 1304 15

1952 1650 1994 1681 20
