2020 3132
742 125 1084 172 PRAEFATIO
1615 127 1765 173 XXIX

60 270 106 316 A
116 266 384 332 Siegmund
399 266 480 315 De
488 265 698 316 Senecae
711 268 1120 317 consolationibus
1131 266 1305 316 Bohm.
1320 267 1478 331 Leipa
1495 271 1520 317 1
1532 270 1596 318 91
1606 270 1637 317 2
1652 284 1762 332 sqq.

62 340 104 392 Ο
122 341 324 405 Siesbye
353 333 579 403 Smc’ztinq
607 343 661 389 in
691 343 904 403 opuscul.
927 342 1098 404 philol.
1123 343 1191 391 ad
1213 343 1530 404 Madviyium
1561 359 1594 393 a
1617 344 1762 393 disci-

162 416 303 478 pulis
325 417 478 466 missa
500 415 731 466 Hauniae
759 417 897 467 1876
916 433 965 479 p.
985 418 1090 467 253
1117 419 1168 465 et
1190 417 1244 466 in
1261 417 1478 467 editione
1497 416 1766 467 Gertziana.

60 490 111 539 M
122 490 349 555 Sonntag
364 492 425 541 L.
443 489 508 541 Α.
524 491 730 541 Senecae
753 491 812 541 de
828 492 1070 551 beneficiis
1086 492 1202 541 libri
1219 493 1548 553 explanantur
1564 492 1765 556 Lipsiae

177 567 318 615 1913

61 640 101 690 Ρ
117 640 413 690 Thielmann
437 640 571 689 Zwei
592 655 715 690 neue
736 641 1034 702 Fraymente
1057 642 1365 691 archaischer
1387 643 1555 692 Poesie
1578 643 1766 693 Archiv

173 716 255 764 ffir
277 716 364 764 lat.
390 714 507 765 Lex.
532 717 565 763 4
591 709 787 782 (1887)
821 732 867 779 p.
895 717 1003 766 600

61 790 187 838 Aem
203 790 420 839 Thomas
459 790 525 838 In
563 789 772 840 Senecae
812 790 872 838 de
917 792 1167 841 clementia
1212 791 1449 841 librorum
1486 793 1766 854 fraymenta

172 865 409 914 FleckeiS.
435 881 549 914 ann.
579 866 682 913 129
708 858 905 933 (1884)
939 882 987 928 p.
1015 867 1121 915 592

62 965 131 972 —
169 940 414 989 Km‘tische
443 940 636 988 Blatter
679 953 795 989 zum
827 940 1007 989 Rhetor
1036 940 1219 990 Seneca
1259 941 1426 990 Herm.
1462 943 1530 992 21
1568 935 1764 1010 (1886)

66 1114 127 1121 -
169 1089 424 1139 Miscellae
461 1091 762 1150 quaestiones
799 1092 854 1140 in
891 1091 953 1139 L.
981 1090 1044 1140 A.
1073 1090 1305 1140 Senecam
1327 1092 1675 1153 philosophum
1712 1093 1766 1140 in

170 1164 339 1214 Herm.
358 1165 427 1213 28
442 1157 638 1232 (1893)
669 1181 718 1228 p.
745 1166 849 1214 287

60 1265 132 1273 -
169 1238 383 1289 Schedae
411 1241 606 1288 criticae
634 1254 789 1290 novae
818 1241 874 1289 in
902 1239 1135 1290 Senecam
1164 1242 1280 1292 rhet.
1313 1241 1492 1291 Philol.
1528 1241 1701 1305 Suppl.
1732 1243 1763 1290 8

174 1308 373 1380 (1900)
404 1330 450 1377 p.
478 1315 583 1363 207
618 1314 732 1363 adn.
762 1316 865 1364 161

62 1388 325 1439 PThomas
341 1390 615 1438 Morceausc
636 1390 812 1439 choisis
835 1391 918 1439 cles
941 1391 1100 1440 lettres
1125 1391 1157 1439 ὰ
1173 1391 1402 1441 Lucilius
1426 1395 1469 1441 et
1491 1392 1574 1441 des
1598 1392 1766 1442 traite's

172 1465 232 1512 de
261 1461 477 1512 morale⁶
506 1463 648 1513 Paris
677 1467 815 1514 1911

61 1536 301 1588 CThurot
317 1531 393 1605 (in
415 1538 726 1589 recensendis
742 1539 987 1604 Madvigii
1012 1534 1337 1608 adversariis)
1355 1541 1528 1591 Revue
1552 1543 1766 1606 critique

177 1615 318 1663 1874
352 1630 399 1677 p.
427 1614 495 1662 52

60 1686 305 1737 L'l'raube
341 1689 496 1738 Varia
519 1690 782 1738 libamenta
806 1691 975 1739 critica
998 1690 1216 1739 Monacii
1243 1691 1383 1740 1883

60 1763 106 1811 A
116 1762 217 1812 Uhl
241 1763 555 1825 Quaestiones
571 1764 765 1814 criticae
779 1766 835 1814 in
850 1766 913 1814 L.
931 1763 994 1815 A.
1010 1765 1220 1815 Senecae
1235 1766 1453 1828 dialoyos
1471 1765 1767 1831 Strassburg

177 1839 318 1887 1899

59 1911 295 1963 JVahlen
322 1912 477 1963 Varia
502 1913 672 1963 Herm.
701 1916 766 1964 17
794 1907 993 1982 (1882)
1024 1932 1070 1978 p.
1099 1917 1204 1964 273

61 1986 382 2054 LValmaggi
393 1988 577 2038 Seneca
592 1990 652 2038 de
667 1989 912 2050 beneflciis
927 1991 962 2038 Ι
976 1992 1027 2048 3,
1049 1991 1080 2039 5
1095 1990 1372 2040 Bollettino
1391 1990 1443 2039 di
1459 1991 1604 2040 Filol.
1623 1992 1765 2041 class.

178 2065 244 2112 12
279 2058 477 2130 (1906)
508 2081 556 2127 p.
585 2065 691 2114 160
1082 2127 1084 2129 ,

61 2137 92 2186 J
111 2153 210 2186 van
225 2137 314 2188 der
323 2137 458 2187 Vliet
485 2138 851 2188 Observationes
874 2141 1068 2190 criticae
1082 2142 1139 2190 in
1154 2141 1215 2191 L.
1233 2139 1296 2190 A.
1313 2140 1524 2191 Senecae
1549 2141 1767 2204 dialoyos

174 2216 217 2261 et
239 2213 465 2275 epistolas
486 2213 793 2278 Mnemosyn.
820 2216 890 2265 10
922 2208 1120 2283 (1882)
1151 2232 1198 2279 p.
1228 2218 1330 2266 129

63 2285 104 2336 Ο
117 2286 421 2337 Waldaeetcl
452 2288 530 2337 De
568 2291 930 2339 enuntiatorum
968 2291 1308 2352 temporabtum
1345 2294 1592 2340 structura
1632 2291 1768 2353 apud

58 2355 135 2425 m
172 2362 235 2411 L.
252 2362 315 2412 A.
331 2362 563 2413 Senecam
593 2362 738 2413 Halis
774 2365 915 2413 1888
1024 2404 1027 2406 .

60 2435 301 2532 §.Weber
316 2438 396 2486 De
409 2437 616 2488 Senecae
623 2438 900 2501 philosophi
912 2439 1104 2491 dicendi
1116 2454 1289 2503 yenere
1304 2441 1491 2491 Bioneo
1508 2440 1766 2507 Marpurgi

60 2541 137 2578 4.-
170 2514 312 2563 1895

62 2585 352 2637 AWeidner
393 2587 690 2638 Criticarmn
726 2590 1044 2651 scriptionum
1081 2592 1319 2651 specimen
1351 2589 1587 2640 Coloniae
1623 2592 1764 2641 1864

62 2659 279 2711 OWeise
303 2662 584 2713 ZuSeneca
616 2663 855 2715 Fleckeis.
887 2680 1002 2715 ann.
1039 2666 1143 2715 125
1178 2658 1376 2733 (1882)
1408 2682 1456 2728 Ρ.
1485 2666 1592 2715 640

63 2733 437 2787 OWeiesenfels
467 2739 547 2788 De
567 2737 750 2789 Seneca
772 2738 1018 2800 Epicureo
1050 2739 1272 2789 Berolini
1301 2742 1441 2790 1886

63 2810 294 2861 AWerth
326 2811 404 2862 De
435 2812 683 2864 Ciceronis
714 2817 757 2863 et
784 2812 993 2865 Senecae
1023 2815 1138 2864 locis
1170 2816 1354 2877 aliquot
1386 2814 1561 2864 Sched.
1592 2814 1764 2878 philol.

62 2890 84 2942 Ι
116 2901 136 2936 ι
175 2885 394 2938 Usenero
426 2887 578 2939 oblat.
609 2888 815 2939 Bonnae
850 2890 987 2940 1891
1025 2906 1072 2953 p.
1098 2890 1167 2939 35

65 2959 367 3027 Wesenberg
396 2962 447 3011 in
479 2961 697 3013 editione
729 2961 998 3013 Gertziana
