2020 3132
216 107 323 160 218
753 107 802 152 L.
835 106 1070 151 ANNAEI
1102 107 1372 154 SENECAE

214 262 443 315 magnus
481 244 692 296 animus
731 243 905 314 decet,
944 242 1064 313 qui,
1103 243 1207 297 nisi
1248 263 1302 298 se
1335 245 1400 297 ad
1440 245 1588 298 illam
1630 246 1823 299 extulit
1855 250 1908 299 et

214 318 374 372 altior
416 318 587 387 stetit,
634 318 782 371 illam
839 336 1055 387 quoque
1110 318 1250 371 infra
1296 321 1370 373 ad
1420 323 1618 373 terram
1674 321 1907 390 deducit3

213 392 397 462 magni
436 396 614 446 autem
654 393 820 445 animi
857 393 1135 461 proprium
1176 397 1258 445 est
1297 394 1568 462 placidum
1610 413 1724 448 esse
1766 399 1907 448 tran-

215 467 550 536 quillumque
583 470 635 519 et
667 467 889 519 iniurias
922 471 1082 536 atque
1115 468 1436 522 offensiones
1477 487 1704 538 superne
1737 470 1906 539 despi-

215 560 344 594 cere.
376 541 642 594 Muliebre
667 544 747 594 est
770 542 947 594 furere
979 542 1036 594 in
1068 542 1161 611 ira,
1193 543 1427 596 ferarum
1461 562 1587 596 vero
1621 562 1719 596 nec
1750 562 1904 614 gene-
1952 564 1971 597 5

214 634 456 669 rosarum
490 615 704 685 quidem
735 616 1107 685 praemordere
1141 619 1194 668 et
1218 635 1447 687 urguere
1472 618 1752 687 proiectos
1785 618 1904 671 Ele·

213 690 403 759 phanti
433 690 722 760 leonesque
754 693 1056 761 transeunt,
1100 709 1235 760 quae
1275 692 1609 763 inpulerunt3
1650 692 1906 763 ignobilis

212 765 414 818 bestiae
446 765 739 834 pertinacia
778 768 875 818 est.
935 764 1062 818 Non
1102 765 1254 818 decet
1290 784 1471 836 regem
1514 785 1670 821 saeva
1699 785 1799 821 nec
1829 767 1906 820 in-

213 839 501 892 exorabilis
533 841 627 909 ira,
660 857 771 893 non
800 841 1032 892 multum
1066 840 1208 893 enim
1242 859 1404 910 supra
1435 859 1556 893 eum
1582 842 1796 910 eminet,
1820 843 1906 894 cui

212 933 268 967 se
299 914 575 967 irascendo
610 917 893 984 exaequat3
934 917 990 967 at
1022 914 1066 968 si
1100 915 1192 967 dat
1230 916 1419 984 vitam,
1457 916 1507 969 si
1545 916 1637 968 dat
1676 916 1905 987 dignita·
1930 937 1972 970 ιο

211 992 320 1042 tem
353 988 782 1058 periclitantibus
814 992 867 1041 et
899 989 1105 1041 meritis
1139 990 1399 1059 amittere,
1423 990 1567 1060 facit,
1599 991 1744 1075 quod
1765 991 1903 1044 nulli

210 1063 316 1116 nisi
346 1082 526 1116 rerum
557 1063 768 1147 potenti
791 1064 940 1133 licet3
971 1063 1082 1116 vita
1108 1063 1248 1117 enim
1275 1065 1436 1118 etiam
1462 1064 1725 1134 superiori
1750 1065 1905 1135 eripi-

211 1140 314 1207 tur,
356 1157 650 1207 numquam
693 1137 798 1191 nisi
841 1138 1081 1190 inferiori
1126 1138 1294 1191 datur.
1359 1137 1581 1192 Servare
1622 1139 1903 1224 proprium

211 1215 291 1265 est
324 1212 634 1266 excellentis
672 1213 942 1281 fortunae,
984 1230 1118 1282 quae
1157 1231 1450 1282 numquam
1491 1215 1663 1284 magis
1704 1214 1904 1283 suspici
1981 1248 1984 1251 -

47 1272 54 1276 ⁶
112 1279 133 1299 ⁵
211 1287 388 1357 debet,
434 1305 594 1355 quam
639 1306 759 1341 cum
804 1287 885 1339 illi
938 1285 1167 1357 contigit
1217 1287 1356 1340 idem
1411 1306 1570 1357 posse
1618 1289 1761 1357 quod
1809 1288 1906 1358 dis,
1930 1308 1971 1342 15

211 1380 439 1431 quorum
474 1361 729 1415 beneficio
762 1361 819 1414 in
849 1361 1023 1414 lucem
1057 1362 1264 1415 edimur
1287 1365 1397 1415 tam
1425 1363 1552 1415 boni
1576 1381 1735 1432 quam
1761 1362 1903 1416 mali.

67 1741 172 1785 VIl

210 1435 447 1490 Deorum
482 1436 664 1506 itaque
697 1436 800 1489 sibi
833 1437 1072 1489 animum
1106 1436 1352 1489 adserens
1394 1437 1640 1507 princeps
1674 1438 1807 1491 alios
1840 1457 1903 1491 ex

215 1510 423 1565 civibus
468 1511 602 1579 suis,
647 1510 774 1579 quia
814 1510 974 1563 utiles
1021 1511 1258 1580 bonique
1305 1515 1453 1577 sunt,
1495 1511 1671 1565 libens
1714 1512 1905 1580 videat,

208 1585 342 1638 alios
389 1585 446 1638 in
491 1604 772 1639 numerum
827 1584 1122 1656 relinquat3
1179 1586 1437 1655 quosdam
1490 1604 1605 1640 esse
1660 1586 1904 1658 gaudeat,

208 1659 465 1730 quosdam
504 1659 753 1730 patiatur.
1927 1683 1970 1716 ιο

285 1733 559 1805 Cogitato,
592 1736 645 1787 in
678 1735 780 1788 hac
813 1735 1051 1803 civitate,
1091 1735 1147 1787 in
1181 1754 1286 1804 qua
1317 1735 1477 1789 turba
1514 1754 1611 1805 per
1641 1735 1904 1789 latissima

209 1809 402 1862 itinera
435 1809 547 1862 sine
580 1810 976 1863 intermissione
1010 1810 1247 1862 defluens
1273 1809 1506 1878 eliditur,
1531 1811 1778 1879 quotiens
1811 1810 1904 1863 ali-

211 1884 341 1953 quid
379 1884 616 1949 obstitit,
658 1884 804 1953 quod
843 1902 1056 1937 cursum
1097 1883 1212 1937 eius
1251 1884 1400 1938 velut
1439 1884 1692 1938 torrentis
1730 1884 1904 1954 rapidi

209 1961 523 2027 moraretur,
554 1959 609 2011 in
643 1977 748 2028 qua
779 1958 954 2011 tribus
979 1958 1164 2011 eodem
1196 1962 1436 2029 tempore
1459 1959 1683 2012 theatris
1716 1977 1903 2012 caveae

206 2033 565 2103 postulantur,
589 2032 647 2085 in
672 2052 776 2102 qua
802 2033 1150 2102 consumitur,
1175 2033 1436 2102 quidquid
1465 2033 1622 2087 terris
1655 2034 1904 2088 omnibus
1928 2054 1969 2088 25

209 2111 410 2176 aratur,
451 2111 651 2177 quanta
689 2108 923 2162 solitudo
964 2126 1025 2161 ac
1063 2109 1288 2160 vastitas
1329 2108 1511 2162 futura
1551 2109 1643 2178 sit,
1683 2109 1729 2161 si
1767 2108 1906 2162 nihil

280 2234 301 2268 1
334 2226 415 2269 sed
447 2226 507 2269 ad
537 2225 601 2268 Νι
757 2234 780 2268 2
814 2227 874 2269 ad
905 2227 1011 2270 add.
1037 2227 1148 2282 Lps.
1192 2228 1365 2270 terram
1396 2227 1479 2271 del.
1510 2227 1740 2271 Rossbach
1782 2226 1904 2269 insta

206 2284 393 2328 turbam
425 2286 465 2329 J
474 2286 673 2330 Mueller
710 2285 958 2329 infractam
991 2287 1203 2331 Peter-sen
1351 2294 1375 2329 8
1408 2286 1585 2344 autem]
1618 2300 1701 2331 om.
1734 2289 1808 2329 AS
1852 2300 1903 2330 as

208 2346 305 2402 (sie)
337 2345 445 2389 add.
479 2344 528 2388 δ’
649 2346 721 2388 est
749 2359 902 2402 propr.
935 2349 1099 2389 AFLP
1130 2347 1201 2390 est
1231 2359 1316 2390 om.
1350 2351 1376 2389 S
1494 2345 1723 2402 placitum
1752 2345 1815 2388 Nl

206 2413 230 2447 4
262 2419 352 2460 que
385 2419 468 2449 om.
503 2410 530 2447 S
665 2404 887 2448 iniuriam
921 2410 947 2448 S
1074 2404 1156 2449 ini.
1191 2404 1560 2461 offensionesque
1591 2408 1629 2447 A
1759 2404 1900 2450 offen-

206 2463 385 2508 sionem
418 2470 444 2507 S
567 2463 793 2520 dispicere
823 2464 886 2507 Νι
1006 2472 1029 2508 5
1060 2464 1314 2508 ferararum
1344 2464 1407 2507 lv
1524 2478 1610 2508 nec
1641 2480 1668 2513 ς
1706 2466 1754 2508 et
1785 2469 1815 2507 0
1856 2465 1904 2508 et

205 2537 264 2567 ne
288 2524 450 2568 Haase
496 2525 543 2568 et
574 2537 679 2581 gen.
706 2524 800 2581 <ne
830 2523 914 2583 id>
950 2539 993 2579 q.
1019 2526 1134 2569 Bhr.
1287 2533 1312 2567 o
1353 2524 1585 2581 proiectos
1612 2559 1620 2567 .
1649 2559 1657 2567 .
1688 2561 1695 2568 .
1721 2524 1902 2568 bestiae

206 2598 289 2628 om.
322 2586 487 2626 AFLT
629 2592 676 2627 10
706 2583 849 2627 vitam
883 2583 993 2643 (si)
1037 2601 1072 2628 ω
1108 2583 1260 2627 uitam
1291 2586 1355 2640 (m
1385 2598 1441 2628 ex
1469 2585 1492 2627 t
1522 2585 1577 2639 N)
1611 2587 1642 2626 0
1775 2583 1900 2640 dign.

206 2657 290 2687 om.
323 2646 360 2685 A
494 2651 538 2686 11
570 2642 814 2687 admittere
844 2643 906 2686 Nl
1047 2652 1093 2686 12
1125 2645 1174 2687 et
1204 2657 1303 2700 sup.
1328 2646 1366 2685 A
1507 2651 1554 2686 18
1584 2642 1723 2687 inferi
1752 2642 1813 2686 13¹

205 2712 251 2745 14
283 2702 444 2746 fornae
475 2702 536 2744 13¹
657 2702 884 2759 suscepici
915 2702 978 2745 Nl
1015 2702 1190 2759 suscipi
1220 2707 1253 2745 1.
1292 2701 1494 2759 supplici
1523 2706 1562 2744 A
1689 2710 1734 2745 21
1766 2701 1900 2758 Cogi-

206 2763 307 2805 tato
340 2766 372 2804 Τ
416 2761 632 2819 Cogitate
665 2761 792 2819 (-itet
821 2764 871 2819 L)
905 2766 936 2805 0
1087 2771 1135 2805 22
1168 2761 1359 2806 eliditur
1387 2765 1425 2804 A
1469 2761 1660 2818 eligitur
1691 2765 1722 2804 0
1765 2759 1899 2805 elidit

207 2823 300 2866 Leo
423 2829 472 2864 28
503 2821 663 2866 obstat
692 2825 814 2864 AFI.
936 2821 1212 2890 torssspentis
1243 2821 1306 2864 ΕΙ
1425 2829 1473 2864 24
1503 2822 1709 2865 moretur
1730 2823 1809 2862 AL

206 2880 421 2924 theatriis
451 2885 531 2923 131.
659 2894 829 2925 caveae
859 2882 1024 2937 scripsi
1053 2881 1160 2925 uiae
1192 2882 1264 2938 (ex
1286 2894 1407 2924 uuae
1431 2883 1538 2938 1.)0
1663 2887 1711 2922 25
1741 2880 1898 2935 posto-

206 2939 363 2984 lantur
393 2944 479 2982 NR
519 2940 694 2997 populo
727 2940 963 2997 stipantur
997 2940 1131 2986 Gertz
1281 2948 1328 2983 2⁶
1361 2939 1400 2983 si
1429 2953 1513 2984 om.
1539 2943 1572 2981 1.
