2020 3132
6 1804 91 1848 VII
126 1812 147 1850 1

199 99 304 152 122
733 99 782 143 L.
814 99 1052 143 ANNAEI
1083 99 1354 145 SENECAE

195 236 298 288 ibit
339 236 471 289 ordo
511 253 608 304 per
646 237 856 290 saecula
900 236 1296 306 dispositosque
1340 256 1402 290 ac
1439 239 1741 308 praedictos
1785 239 1896 292 dies

196 310 374 379 habet,
408 310 603 379 quibus
637 310 719 363 sol
749 311 1051 363 intercursu
1081 312 1240 364 lunae
1265 315 1474 365 vetetur
1505 331 1689 366 omnes
1721 314 1898 367 radios

194 385 479 438 effundere.
510 383 740 437 Paulum
765 388 1008 455 expecta3
1032 386 1139 438 iam
1166 390 1418 457 emerget,
1440 387 1548 439 iam
1573 389 1731 440 istam
1754 389 1900 441 velut

194 460 391 512 nubem
417 459 698 527 relinquet,
730 459 836 511 iam
863 459 1112 512 exolutus
1142 461 1523 529 inpedimentis
1548 463 1722 514 lucem
1748 481 1898 515 suam

194 533 361 587 libere
392 534 606 586 mittet.'
658 532 903 607 Socrates
932 553 1115 603 parem
1150 535 1380 605 gratiam
1404 535 1667 589 Archelao
1700 538 1898 590 referre
1945 561 1965 592 5

194 625 304 660 non
341 610 547 677 posset,
587 608 633 660 si
671 606 826 661 ilIum
865 626 1088 677 regnare
1127 609 1422 662 vetuisset?
1461 629 1653 680 parum
1695 612 1899 665 scilicet

195 701 452 753 magnum
483 682 804 735 beneficium
838 701 869 734 a
894 682 1114 736 Socrate
1146 683 1459 753 accipiebat,
1491 685 1534 738 si
1568 688 1739 738 ullum
1773 686 1897 738 dare

195 756 404 810 Socrati
435 757 718 826 potuisset*
763 756 936 818 Quare
976 776 1103 828 ergo
1145 758 1248 811 hoc
1290 758 1534 812 Socrates
1575 759 1751 812 dixit?
1797 760 1898 813 Vir

192 832 398 884 facetus
439 835 494 884 et
532 832 683 884 cuius
722 850 818 901 per
856 831 1054 903 figuras
1097 850 1272 886 sermo
1312 834 1646 903 procederet,
1691 834 1898 887 derisor

194 906 458 977 omnium,
497 906 728 958 maxime
764 907 1093 976 potentium,
1132 907 1324 960 maluit
1362 907 1443 961 illi
1481 912 1670 961 nasute
1701 927 1896 979 negare
1922 932 1964 964 10

195 999 357 1049 quam
386 980 776 1034 contumaciter
799 984 893 1033 aut
926 983 1176 1052 superbe3
1209 982 1347 1034 dixit
1379 1001 1434 1035 se
1466 983 1610 1036 nolle
1640 983 1898 1036 beneficia

193 1055 260 1108 ab
301 1073 364 1108 eo
405 1056 667 1125 accipere,
710 1055 796 1108 cui
834 1074 944 1108 non
983 1060 1167 1125 posset
1205 1057 1356 1125 paria
1399 1057 1631 1110 reddere.
1694 1058 1899 1111 Timuit

190 1130 444 1198 fortasse,
484 1148 551 1182 ne
585 1132 866 1200 cogeretur
897 1130 1158 1200 accipere,
1191 1150 1324 1199 quae
1356 1133 1548 1200 nollet,
1586 1131 1793 1201 timuit,
1829 1152 1896 1186 ne

192 1205 321 1272 quid
346 1205 626 1274 indignum
655 1204 872 1257 Socrate
898 1205 1149 1273 accipere.
1188 1205 1347 1259 Dicet
1371 1206 1587 1275 aliquis:
1615 1207 1897 1277 ‘negasset,

191 1279 235 1331 si
280 1280 477 1332 vellet.'
555 1278 657 1332 Sed
701 1278 1012 1350 instigasset
1056 1280 1109 1331 in
1155 1299 1210 1333 se
1252 1299 1434 1351 regem
1481 1281 1799 1334 insolentem
1843 1285 1897 1334 et
1921 1303 1961 1337 15

189 1354 370 1406 omnia
403 1372 499 1406 sua
522 1371 719 1425 magno
746 1354 1014 1406 aestimari
1043 1354 1328 1407 volentem.
1374 1354 1529 1407 Nihil
1553 1356 1619 1408 ad
1644 1375 1753 1409 rem
1782 1375 1896 1426 per-

188 1429 347 1498 tinet,
378 1431 559 1482 utrum
594 1429 717 1482 dare
749 1428 957 1497 aliquid
989 1429 1104 1499 regi
1142 1429 1284 1482 nolis
1318 1448 1386 1481 an
1418 1431 1656 1498 accipere
1687 1449 1718 1482 a
1749 1449 1894 1501 rege3

188 1502 244 1554 in
277 1522 447 1571 aequo
482 1505 766 1572 utramque
797 1503 952 1571 ponit
983 1505 1280 1572 repulsam,
1313 1508 1367 1557 et
1398 1505 1628 1574 superbo
1660 1505 1894 1557 fastidiri

187 1577 430 1630 acerbius
463 1581 545 1630 est
578 1597 738 1647 quam
771 1596 880 1630 non
912 1578 1105 1631 timeri.
1154 1578 1252 1631 Vis
1285 1579 1442 1647 scire,
1484 1579 1610 1648 quid
1652 1598 1774 1632 vere
1807 1598 1894 1632 vo-

186 1652 384 1704 luerit?
430 1652 607 1705 noluit
646 1652 723 1704 ire
764 1653 830 1705 ad
869 1653 1229 1706 voluntariam
1271 1653 1583 1706 servitutem
1626 1655 1696 1723 is,
1742 1655 1893 1706 cuius
1920 1675 1961 1707 20

186 1727 492 1780 libertatem
527 1727 712 1780 civitas
743 1727 913 1779 libera
943 1727 1080 1780 ferre
1111 1746 1218 1780 non
1254 1729 1446 1797 potuit.

263 1801 420 1870 Satis,
452 1805 513 1854 ut
544 1801 811 1870 existimo,
846 1801 985 1854 hanc
1017 1805 1224 1870 partem
1251 1803 1617 1871 tractavimUS,
1649 1822 1717 1855 an
1742 1806 1897 1872 turpe

188 1879 328 1928 esset
361 1876 634 1929 beneficiis
665 1875 823 1928 vinci.
881 1875 1036 1939 Quod
1070 1875 1159 1945 qui
1196 1878 1418 1946 quaerit,
1451 1879 1552 1931 scit
1584 1896 1693 1930 non
1725 1878 1895 1930 solere

187 1950 434 2003 homines
478 1950 581 2003 sibi
621 1952 768 2020 ipsos
810 1951 933 2003 dare
977 1951 1322 2021 beneficium3
1366 1952 1709 2004 manifestum
1754 1952 1893 2004 enim

188 2025 382 2078 fuisset
426 2044 538 2078 non
580 2043 695 2078 esse
739 2028 897 2094 turpe
942 2045 972 2077 a
1015 2044 1070 2078 se
1115 2026 1293 2095 ipsum
1337 2026 1495 2079 vinci.
1542 2025 1712 2095 Atqui
1754 2026 1897 2096 apud
1920 2046 1962 2100 ss

188 2100 449 2168 quosdam
484 2099 694 2153 Stoicos
728 2103 780 2152 et
813 2101 876 2153 de
908 2099 1011 2152 hoc
1043 2101 1360 2170 ambigitur,
1401 2119 1466 2153 an
1499 2101 1672 2170 possit
1703 2101 1896 2170 aliquis

187 2175 291 2227 sibi
339 2174 664 2227 beneficium
714 2174 861 2244 dare,
909 2194 975 2226 an
1024 2175 1214 2227 debeat
1260 2176 1456 2229 referre
1505 2176 1608 2228 sibi
1651 2176 1895 2245 gratiam.

187 2248 343 2311 Quod
382 2252 445 2302 ut
484 2249 756 2302 videretur
796 2250 1180 2318 quaerendum,
1222 2250 1315 2302 illa
1357 2251 1618 2304 fecerunt:
1663 2249 1893 2303 solemus

257 2409 275 2440 1
307 2396 549 2452 praeditos
582 2395 807 2453 (perditos
835 2399 884 2453 G)
912 2401 942 2439 0
970 2411 1084 2442 corr.
1111 2415 1146 2440 ω
1254 2405 1277 2439 3
1309 2396 1555 2441 infundere
1586 2397 1648 2439 3¹
1749 2410 1891 2440 emer-

187 2455 259 2512 git
289 2455 351 2498 N¹
483 2465 506 2499 5
539 2456 660 2500 liber
691 2470 779 2500 em.
811 2460 851 2498 N
983 2455 1102 2499 ferre
1132 2461 1258 2500 RGP
1391 2465 1414 2499 6
1445 2469 1620 2513 negare
1653 2456 1891 2501 Abaelard

176 2530 223 2571 p.
251 2519 342 2560 592
367 2517 436 2560 M.
478 2529 527 2560 se
566 2515 784 2574 ignorare
822 2516 956 2561 Gertz
997 2515 1234 2560 docuisset
1267 2530 1294 2565 ς
1414 2516 1643 2560 uetuisset
1673 2516 1712 2559 si
1755 2515 1890 2559 illum

182 2589 380 2632 regnare
422 2575 592 2619 tuisset
635 2575 693 2633 (si
726 2601 780 2608 —
813 2575 986 2620 tuisset
1026 2576 1109 2620 del.
1142 2590 1200 2620 m.
1225 2578 1273 2632 2)
1305 2580 1344 2618 N
1497 2584 1515 2618 7
1549 2574 1732 2619 nullum
1765 2579 1800 2619 G

187 2643 211 2677 8
241 2637 335 2691 pot.
370 2649 484 2678 socr.
519 2639 595 2678 GP
747 2644 771 2677 9
802 2635 1054 2692 procedere
1086 2639 1126 2677 R
1171 2634 1423 2690 procedere
1455 2634 1620 2678 solitus
1666 2636 1767 2678 erat
1797 2634 1892 2677 der.

188 2699 265 2737 GP
396 2702 439 2736 11
473 2696 521 2738 et
553 2709 652 2751 sup.
687 2699 722 2737 G
845 2694 942 2737 dixi
975 2694 1037 2737 Νι
1165 2694 1444 2738 beneficium
1476 2699 1511 2736 G
1637 2702 1683 2736 14
1714 2695 1894 2738 socrate

187 2758 220 2796 G
274 2753 447 2797 socrati
480 2758 511 2797 0
645 2754 855 2810 accipere
887 2759 926 2797 N
970 2753 1240 2810 a(c)ciperet
1269 2754 1374 2797 15²0
1536 2761 1581 2796 15
1624 2752 1769 2796 uellet
1809 2757 1894 2795 NB

189 2812 342 2857 nollet
373 2818 450 2856 GP
483 2826 531 2857 se
563 2812 683 2857 velle
719 2813 853 2858 Gertz
980 2822 1027 2856 16
1057 2813 1248 2857 uolente
1278 2813 1341 2856 Nl
1469 2821 1516 2856 1⁹
1547 2812 1714 2857 timere
1743 2812 1805 2855 Nl

189 2872 401 2916 noluerit
433 2888 460 2920 ς
603 2882 652 2915 2ο
683 2873 756 2916 his
788 2874 850 2915 Νι
993 2882 1041 2916 22
1079 2873 1170 2916 hac
1199 2872 1263 2915 Νι
1404 2881 1452 2915 23
1484 2871 1715 2928 quicuerit
1744 2871 1806 2914 Νι

186 2940 235 2977 24
274 2932 381 2976 ben.
417 2933 526 2976 dare
560 2936 636 2976 GP
757 2941 806 2975 25
837 2933 940 2991 ipso
973 2937 1006 2974 P
1125 2940 1174 2976 28
1206 2946 1297 2989 quo
1328 2933 1382 2976 ut
1412 2931 1474 2973 N¹
1505 2931 1630 2990 quod
1662 2931 1752 2975 nisi
1785 2936 1811 2975 S
