2020 3132
451 117 531 162 nn
562 114 898 161 emmens
928 114 1039 160 mn.
1071 113 1135 158 111
1167 113 1294 158 CAP.
1328 117 1475 158 8-10
1739 113 1808 166 57

116 274 312 328 magna
342 253 567 308 flumina
596 256 651 306 et
679 251 1009 322 navigabilia
1041 250 1347 319 decurrant,
1378 250 1697 303 beneficium
1731 252 1814 303 est

115 330 389 385 arentibus
422 329 513 382 siti
544 332 600 381 et
628 328 720 381 vix
752 327 1003 396 spiritum
1034 344 1131 394 per
1163 325 1331 378 siccas
1363 325 1543 378 fauces
1575 324 1813 377 ducenti-

115 406 217 459 bus
254 407 555 457 monstrare
599 403 821 455 fontem.
869 399 1001 463 Quis
1041 401 1182 453 inter
1220 418 1277 453 se
1315 402 1419 453 ista
1462 399 1813 469 conparabit?

116 480 237 551 quis
276 477 574 548 expendet?
623 476 877 529 Difficilis
917 479 1000 529 est
1038 477 1325 540 sententia,
1373 494 1508 545 quae
1543 493 1652 528 non
1685 494 1813 544 rem,

71 579 92 612 ο
117 555 210 608 sed
241 555 350 607 vim
383 553 461 606 rei
494 552 730 623 quaerit3
778 551 962 604 eadem
1000 551 1129 604 licet
1167 551 1299 620 sint,
1346 550 1503 604 aliter
1541 550 1665 603 data
1704 568 1814 603 non

116 629 257 682 idem
281 628 532 699 pendent.
578 626 744 680 Dedit
766 626 856 679 hic
880 625 1014 679 mihi
1037 625 1372 695 beneficium,
1397 625 1487 678 sed
1511 644 1622 678 non
1644 625 1814 678 liben-

115 709 212 772 ter,
244 703 335 756 sed
366 702 575 756 dedisse
607 720 663 755 se
695 704 916 770 questus
950 703 1046 767 est,
1078 701 1171 754 sed
1203 700 1488 770 superbius
1519 718 1620 770 me,
1652 719 1811 770 quam

115 777 344 846 solebat,
382 777 650 847 adspexit,
684 776 776 829 sed
807 778 918 828 tam
951 775 1101 828 tarde
1134 774 1301 845 dedit,
1333 778 1396 828 ut
1426 775 1548 844 plus
1580 778 1813 844 praesta-

115 857 269 907 turus
299 853 487 921 fuerit,
533 853 581 904 si
620 851 728 904 cito
774 853 1048 921 negasset:
1094 849 1288 903 horum
1337 850 1606 919 quomodo
1656 850 1814 903 iudex

51 952 93 985 ιο
119 927 279 981 inibit
310 926 761 994 aestimationem,
805 943 926 978 cum
959 942 1133 977 sermo
1166 931 1220 977 et
1251 925 1517 978 dubitatio
1550 928 1604 978 et
1636 924 1815 978 voltus

116 1003 294 1055 meriti
326 1002 557 1073 gratiam
590 999 905 1053 destruant?

192 1075 355 1141 Quid,
394 1076 539 1146 quod
578 1075 836 1145 quaedam
878 1073 1136 1127 beneficia
1175 1077 1459 1143 vocantur,
1499 1074 1626 1143 quia
1656 1073 1815 1127 nimis

116 1152 589 1221 concupiscuntur,
629 1149 889 1219 quaedam
922 1167 1032 1202 non
1064 1152 1191 1202 sunt
1220 1168 1285 1202 ex
1316 1148 1418 1202 hac
1447 1149 1654 1220 volgari
1687 1153 1817 1202 nota

117 1226 208 1280 sed
239 1226 460 1294 maiora,
491 1225 650 1278 etiam
677 1226 723 1277 si
758 1225 934 1277 minus
966 1224 1260 1293 adparent?
1292 1224 1623 1277 Beneficium
1655 1242 1815 1278 vocas

52 1324 94 1359 ιι
118 1300 326 1355 dedisse
355 1299 595 1371 potentis
626 1298 816 1370 populi
849 1299 1144 1368 civitatem,
1180 1299 1236 1351 in
1269 1296 1699 1368 quattuordecim
1731 1299 1814 1351 de-

118 1375 336 1429 duxisse
360 1378 415 1428 et
445 1374 743 1428 defendisse
775 1374 968 1443 capitis
992 1391 1167 1426 rcum:
1200 1374 1327 1443 quid
1361 1374 1518 1427 utilia
1550 1374 1816 1427 suasisse?

118 1450 248 1521 quid
265 1450 587 1518 retinuisse,
633 1468 700 1503 ne
733 1449 787 1502 in
820 1449 992 1502 scelus
1030 1449 1248 1502 rueret?
1295 1448 1425 1518 quid
1456 1448 1695 1520 gladium
1729 1467 1817 1502 cx-

118 1525 346 1580 cussisse
383 1524 683 1578 morituro?
729 1523 858 1593 quid
898 1523 1208 1577 efficacibus
1246 1523 1496 1576 remediis
1538 1523 1814 1595 lugentem

120 1603 188 1670 et,
219 1618 355 1669 quos
386 1598 736 1668 desiderabat,
767 1598 1040 1652 volentem
1073 1598 1225 1668 sequi
1258 1598 1323 1651 ad
1356 1598 1498 1651 vitae
1532 1598 1814 1652 consilium

52 1674 430 1735 „reduxisse?
460 1674 590 1744 quid
630 1673 900 1727 adsedisse
939 1691 1102 1744 aegro
1141 1677 1215 1742 et,
1256 1692 1378 1727 cum
1412 1673 1662 1726 valetudo
1702 1674 1816 1727 eius

119 1767 182 1804 ac
211 1749 356 1804 salus
388 1749 676 1804 momentis
709 1750 995 1816 constaret,
1026 1748 1298 1818 excepisse
1322 1748 1514 1802 idonea
1538 1748 1660 1801 cibo
1686 1752 1818 1801 tem-

119 1842 252 1894 pora
282 1828 337 1878 et
381 1824 631 1879 cadentes
671 1841 834 1877 venas
873 1823 998 1876 vino
1045 1823 1293 1877 refecisse
1334 1827 1387 1875 et
1434 1823 1697 1876 medicum
1732 1824 1817 1876 ad-

121 1898 336 1953 duxisse
368 1898 658 1953 morienti?
689 1897 837 1952 Haec
870 1898 992 1967 quis
1024 1898 1368 1951 aestimabit?
1402 1899 1522 1967 quis
1548 1898 1818 1951 dissimili-

120 1974 222 2028 bus
265 1973 537 2028 beneficiis
585 1972 791 2027 iubebit
836 1971 1096 2027 beneficia
1140 1973 1390 2043 pensari?
1447 1972 1677 2026 ‘Donavi
1717 1973 1819 2026 tibi

53 2071 98 2107 n
121 2047 384 2118 domum’3
431 2049 524 2102 sed
556 2066 656 2120 ego
688 2053 836 2101 tuam
870 2066 1033 2118 supra
1064 2051 1117 2101 te
1156 2066 1310 2101 ruere
1358 2047 1612 2117 praedixi.
1663 2047 1819 2101 ‘Dedi

123 2122 223 2176 tibi
254 2122 684 2193 patrimonium'3
716 2122 808 2175 sed
833 2140 933 2194 ego
959 2123 1220 2193 naufrago
1253 2123 1506 2177 tabulam.
1556 2122 1820 2194 ‘Pugnavi

123 2215 223 2268 pro
246 2201 302 2251 te
324 2203 380 2251 et
404 2197 624 2251 volnera
654 2197 882 2268 excepi'3
913 2201 969 2250 at
992 2214 1093 2269 ego
1117 2197 1284 2251 vitam
1309 2198 1410 2251 tibi
1443 2197 1658 2251 silentio
1684 2197 1818 2250 dedi.

125 2270 258 2326 Cum
291 2270 450 2325 aliter
479 2273 797 2327 beneficium
837 2272 1016 2342 detur,
1053 2271 1211 2326 aliter
1250 2273 1527 2342 reddatur,
1565 2273 1714 2343 paria
1746 2273 1820 2326 fa-

122 2364 242 2401 cere
273 2346 495 2401 difficile
526 2350 621 2400 est.

57 2445 103 2480 ω
197 2420 326 2476 Dies
357 2425 631 2492 praeterea
664 2420 925 2476 beneficio
964 2421 1233 2476 reddendo
1273 2441 1383 2476 non
1423 2422 1642 2492 dicitur,
1682 2422 1822 2476 sicut

189 2607 222 2655 p
253 2598 513 2644 arientibus
544 2599 606 2643 Β*
638 2598 912 2644 ardentibus
944 2599 1077 2643 0¹1¹
1175 2608 1199 2643 8
1232 2600 1504 2657 conparavit
1532 2599 1594 2643 Π*
1688 2607 1711 2643 4
1744 2612 1820 2643 ex-

126 2657 301 2716 pendet
330 2657 476 2703 1⁸01·
516 2658 613 2703 -dit
643 2662 781 2703 ΗΠΒ
887 2672 1026 2715 quem
1058 2672 1150 2704 non
1181 2660 1242 2703 ΠΙ
1379 2668 1402 2702 s
1434 2659 1644 2716 pendunt
1673 2658 1735 2702 11⁸

127 2726 147 2761 τ
180 2731 254 2763 me
284 2732 369 2764 om.
401 2722 446 2761 Ι
550 2726 575 2762 s
605 2721 658 2762 ut
688 2718 961 2775 praestitum
993 2718 1026 2767 f.
1059 2723 1103 2762 Π
1210 2728 1255 2763 ιο
1286 2719 1460 2763 inibita
1491 2720 1552 2763 Νι
1667 2727 1712 2762 15
1744 2732 1823 2775 pc-

125 2777 271 2823 tentie
303 2782 339 2822 G
471 2786 512 2822 ιτ
547 2781 731 2824 teneret
759 2778 822 2822 1¹
953 2786 1000 2822 ιο
1031 2792 1148 2836 quos
1179 2783 1217 2822 11
1260 2780 1387 2835 quod
1419 2783 1464 2822 Η
1506 2792 1599 2836 quo
1630 2778 1733 2822 12¹0

126 2846 170 2882 81
203 2837 428 2883 momenti
460 2838 521 2881 1¹
624 2839 882 2883 constraret
911 2842 950 2881 B
1056 2847 1105 2882 28
1137 2838 1408 2883 aestimauit
1437 2838 1498 2882 Νι
1612 2846 1659 2881 2⁴
1693 2837 1823 2882 uide-

1852 1080 1972 1125 lIX

1855 2428 1955 2474 lX

127 2896 201 2941 bit
229 2900 274 2940 Ι
380 2897 579 2942 donauit
609 2903 649 2943 et
680 2906 729 2941 ιε
761 2897 894 2942 dedit
925 2901 957 2940 0
989 2912 1103 2944 corr.
1132 2899 1293 2943 Haase
1428 2906 1479 2941 se
1518 2897 1741 2942 tabellam
1779 2901 1823 2940 H
1892 2962 1894 2964 Ι

201 2955 411 3014 puguabi
443 2960 482 2999 Ι
524 2956 758 3014 pugnauit
786 2955 890 3000 11¹0
1033 2966 1079 3000 27
1113 2956 1316 3014 excipiat
1347 2962 1385 3000 Η
1417 2957 1537 3014 -epit
1566 2958 1617 3001 at
1647 2956 1749 3000 8³0
