2020 3132
219 121 325 175 110
751 120 799 163 L.
833 116 1069 163 ANNAEI
1101 115 1374 163 SENECAE

217 277 302 311 ces
337 258 477 310 enim
511 259 637 310 sunt
669 274 847 309 rerum
881 256 1099 325 species,
1133 255 1327 324 quibus
1362 255 1718 308 credidimus?
1778 254 1908 318 Quis

216 333 414 403 negat?
470 331 560 384 sed
592 330 730 383 nihil
762 330 909 383 aliud
940 330 1153 382 invenio
1163 371 1178 398 ,
1216 348 1314 398 per
1346 330 1490 398 quod
1529 329 1910 399 cogitationem

218 425 415 477 regam.
457 405 559 458 His
593 406 788 458 veritas
820 404 954 457 mihi
985 404 1229 474 vestigiis
1262 404 1527 472 sequenda
1558 407 1652 468 est,
1685 404 1910 456 certiora

214 499 324 533 non
355 481 550 550 habe03
581 479 714 533 haec
744 482 805 531 ut
838 498 999 548 quam
1032 478 1438 549 diligentissime
1463 478 1754 546 aestimem,
1787 496 1910 547 ope-

214 574 327 608 ram
369 555 506 607 dabo
545 572 644 607 nec
685 554 790 607 cito
831 554 939 620 illis
980 553 1260 606 adsentiar.
1318 551 1408 606 Sic
1440 554 1582 606 enim
1613 552 1671 604 in
1702 553 1906 621 proelio
1956 573 1974 605 5

214 632 391 699 potest
424 629 672 698 accidere,
704 631 764 680 ut
791 628 959 680 telum
991 647 1170 680 meum
1203 628 1259 679 in
1284 627 1686 680 conmilitonem
1720 645 1907 679 manus

217 705 414 775 dirigat
460 703 640 772 aliquo
690 720 868 755 errore
916 703 1138 771 decepta
1184 705 1237 753 et
1282 702 1427 754 hosti
1470 705 1747 770 tamquam
1787 720 1905 753 meo

215 797 450 848 parcam3
483 779 575 830 sed
605 777 708 830 hoc
743 780 794 829 et
826 795 946 829 raro
979 777 1182 831 accidet
1216 779 1269 828 et
1293 795 1402 829 non
1426 776 1557 829 vitio
1591 794 1726 844 mec,
1759 777 1907 828 cuius

214 854 553 923 propositum
580 854 661 904 est
684 852 897 904 hostem
921 852 1096 920 ferire,
1129 852 1296 905 civem
1325 851 1619 904 defendere.
1661 849 1719 902 Si
1744 851 1908 902 sciam

214 931 487 998 ingratum
521 945 646 996 esse,
677 945 787 979 non
819 927 954 979 dabo
987 926 1330 996 beneficium3
1369 928 1424 977 at
1456 925 1710 994 obrepsit,
1744 928 1798 977 at
1830 924 1906 976 in-
1934 946 1976 978 ιο

213 1004 418 1072 posuit:
463 1004 612 1055 nulla
653 1002 742 1053 hic
782 1002 938 1069 culpa
979 1000 1268 1053 tribuentis
1313 1003 1419 1065 est,
1463 1001 1588 1069 quia
1630 1003 1905 1067 tamquam

218 1080 373 1148 grato
415 1076 549 1129 dedi.
582 1107 651 1112 ——
687 1074 765 1128 ‘Si
796 1075 1125 1145 promiseris'
1160 1075 1337 1143 inquit
1371 1075 1442 1127 ‘te
1476 1075 1725 1126 daturum
1756 1074 1912 1125 bene-

216 1153 397 1204 ficium
432 1154 486 1203 et
508 1154 695 1219 postea
719 1150 992 1221 ingratum
1020 1167 1131 1202 esse
1157 1150 1352 1217 scieris,
1385 1149 1535 1201 dabis
1569 1167 1637 1200 an
1668 1148 1811 1200 non?
1852 1147 1910 1201 Si

215 1227 347 1279 facis
374 1225 561 1295 scienS,
592 1242 794 1294 peccas,
828 1225 921 1276 das
947 1225 1104 1294 enim,
1135 1226 1220 1275 cui
1245 1241 1356 1275 non
1381 1223 1541 1277 debes
1567 1223 1712 1292 dare,
1746 1223 1792 1274 si
1823 1240 1911 1274 ne-

217 1319 335 1370 gas,
378 1303 432 1352 et
472 1300 574 1352 hoc
619 1299 778 1352 modo
823 1317 1032 1367 peccas:
1076 1317 1187 1351 non
1227 1298 1319 1349 das
1361 1298 1432 1366 ei,
1471 1298 1557 1350 cui
1595 1297 1908 1367 promisisti.
1937 1318 1976 1352 ιε

217 1374 558 1428 Conscientia
598 1377 773 1427 vestra
812 1374 915 1427 hoc
952 1373 1072 1426 loco
1113 1372 1314 1426 titubat
1354 1375 1406 1424 et
1446 1372 1581 1425 illud
1621 1371 1910 1440 superbum

218 1451 543 1519 promissum
582 1467 877 1518 numquam
910 1448 1204 1516 sapientem
1238 1447 1367 1500 facti
1400 1447 1483 1499 sui
1514 1448 1783 1516 paenitere
1813 1464 1912 1498 nec

216 1543 471 1594 umquam
500 1524 793 1591 emendare,
826 1523 971 1591 quod
1000 1522 1203 1590 fecerit,
1234 1540 1332 1574 nec
1357 1529 1564 1574 mutare
1589 1521 1908 1574 consilium.’

216 1598 343 1652 Non
377 1602 551 1651 mutat
588 1599 798 1667 sapiens
832 1598 1115 1651 consilium
1150 1597 1400 1649 omnibus
1439 1597 1524 1649 his
1556 1595 1912 1664 manentibuS,

218 1692 353 1743 quae
386 1676 559 1741 erant,
598 1691 718 1725 cum
752 1675 1006 1742 sumeret3
1046 1672 1164 1724 ideo
1202 1690 1494 1740 numquam
1534 1671 1688 1724 illum
1729 1670 1908 1739 paeni·
1935 1687 2004 1724 20·

217 1749 388 1801 tentia
421 1747 580 1816 subit,
619 1748 745 1816 quia
775 1747 914 1799 nihil
945 1746 1135 1798 melius
1167 1746 1262 1799 illo
1294 1749 1534 1814 tempore
1566 1746 1684 1798 fieri
1715 1746 1911 1814 potuit,

219 1842 380 1891 quam
407 1822 549 1891 quod
573 1822 774 1874 factum
801 1824 895 1890 est,
924 1820 1063 1873 nihil
1088 1822 1278 1873 melius
1303 1820 1572 1888 constitui,
1606 1838 1766 1888 quam
1792 1837 1913 1871 con-

218 1898 468 1950 stitutum
509 1900 608 1964 est3
651 1900 885 1948 ceterum
927 1896 992 1947 ad
1025 1896 1205 1948 omnia
1245 1913 1362 1947 cum
1398 1894 1710 1963 exceptione
1742 1893 1911 1946 venit:

221 1973 286 2024 ‘si
308 1971 445 2024 nihil
469 1971 731 2039 inciderit,
764 1970 907 2039 quod
932 1970 1203 2039 inpediat'.
1251 1968 1377 2022 Ideo
1412 1970 1592 2021 omnia
1623 1968 1704 2021 illi
1736 1986 1912 2022 succe-

220 2047 342 2099 dere
382 2046 608 2098 dicimus
649 2049 703 2098 et
739 2045 878 2097 nihil
917 2047 1104 2098 contra
1136 2044 1443 2113 opinionem
1487 2043 1746 2111 accidere,
1786 2042 1911 2112 quia
1937 2064 1978 2098 25

218 2121 510 2190 praesumit
541 2120 718 2172 animo
750 2137 908 2188 posse
951 2119 1156 2187 aliquid
1187 2118 1531 2187 intervenire,
1570 2117 1714 2186 quod
1754 2117 1912 2170 desti-

218 2199 345 2249 nata
376 2195 674 2264 prohibeat.
721 2193 1129 2262 Inprudentium
1162 2194 1265 2246 ista
1295 2193 1489 2245 fiducia
1531 2197 1613 2245 est
1642 2193 1910 2245 fortunam

220 2270 323 2322 sibi
363 2270 645 2339 spondere3
693 2269 905 2338 sapiens
944 2272 1227 2337 utramque
1273 2271 1480 2337 partem
1529 2267 1641 2320 eius
1686 2267 1911 2336 cogitat3

220 2345 335 2414 scit,
376 2348 636 2413 quantum
668 2344 829 2397 liceat
862 2344 1043 2411 errori,
1082 2362 1242 2412 quam
1275 2343 1478 2395 incerta
1517 2342 1624 2394 sint
1662 2341 1911 2410 humana,

221 2438 381 2487 quam
406 2419 578 2471 multa
602 2418 841 2471 consiliis
867 2418 1104 2487 obstent3
1137 2417 1425 2486 ancipitem
1449 2435 1629 2469 rerum
1662 2434 1724 2469 ac
1747 2415 1911 2467 lubri-
1936 2438 1979 2470 ³0

221 2512 337 2547 cam
369 2497 566 2546 sortem
600 2511 892 2562 suspensus
926 2491 1181 2561 sequitur,
1219 2491 1458 2545 consiliis
1490 2491 1648 2543 certis
1680 2491 1911 2543 incertos

293 2621 313 2654 1
345 2610 574 2654 credimus
609 2615 644 2653 G
778 2619 800 2652 2
833 2609 948 2665 quid
981 2615 1015 2652 G
1149 2618 1196 2652 10
1228 2609 1456 2665 orepsitat
1487 2609 1549 2651 ΠΙ
1675 2616 1721 2650 13
1754 2606 1911 2651 scieris

221 2684 321 2714 esse
354 2675 429 2713 GP
533 2679 579 2713 14
610 2669 756 2714 facies
789 2673 819 2712 0
852 2683 966 2714 corr.
1000 2687 1034 2712 ω
1141 2677 1187 2712 15
1220 2671 1289 2712 set
1318 2669 1406 2712 hoc
1436 2668 1499 2711 Nl
1601 2680 1768 2723 peccas
1801 2666 1914 2721 quia

219 2745 313 2774 non
339 2734 412 2772 GP
544 2738 590 2772 16
623 2729 898 2773 Constantia
921 2730 1033 2784 Lps.
1153 2727 1290 2771 illum
1313 2728 1376 2770 Nl
1494 2736 1543 2770 2ο
1574 2728 1676 2771 erat
1707 2741 1809 2769 cum
1842 2728 1914 2784 (ex

222 2804 307 2834 con
331 2791 385 2846 B.)
426 2791 674 2832 summeret
702 2793 788 2831 NR
949 2797 996 2831 22
1029 2801 1171 2844 quam
1209 2787 1335 2844 quod
1375 2789 1521 2831 const.
1556 2791 1631 2829 GP
1793 2794 1841 2828 24
1874 2785 1913 2828 si

221 2863 304 2894 om.
339 2853 375 2892 G
487 2856 536 2891 25
567 2849 788 2892 accedere
821 2852 856 2890 G
961 2856 1006 2890 27
1039 2847 1371 2907 prossshibebat
1403 2852 1438 2890 G
1542 2854 1591 2888 28
1623 2845 1811 2901 sapiens
1844 2846 1914 2888 est

220 2913 300 2951 BP
419 2909 618 2964 utraque
649 2912 735 2950 NR
866 2916 914 2950 29
955 2907 1017 2950 sit
1047 2907 1108 2949 Nl
1148 2907 1258 2950 sunt
1287 2911 1320 2949 P
1451 2914 1496 2948 81
1535 2904 1672 2948 certis
1714 2905 1913 2949 incertos

221 2967 273 3025 (ti
306 2973 347 3012 et
375 2968 424 3011 to
457 2967 510 3011 in
540 2968 649 3022 ras.)
681 2971 720 3009 N
752 2967 918 3022 certus,
950 2966 1155 3010 incertus
1188 2968 1302 3023 (sine
1334 2967 1455 3022 exp.)
1491 2965 1646 3010 Gund.
