2020 3132
227 78 335 134 194
759 77 810 125 L.
842 77 1078 124 ANNAEI
1108 75 1381 124 SENECAE

226 217 364 270 didit
397 217 576 286 etqui
607 235 718 270 non
747 216 1034 269 reddidit?
1085 215 1285 269 Contra
1321 234 1463 269 nunc
1500 216 1635 270 illud
1666 236 1827 286 pone:
1871 218 1917 270 si

227 292 428 345 oblitus
461 294 599 345 esset
633 292 839 361 accepti
869 290 1140 359 beneficii,
1178 291 1225 344 si
1254 310 1322 344 ne
1353 294 1670 361 temptasset
1702 292 1915 361 quidem

154 403 156 405 >
224 370 409 438 gratus
443 384 580 435 esse,
618 384 841 436 negares
874 366 1027 419 illum
1060 366 1290 436 gratiam
1322 366 1616 436 rettulisse3
1655 369 1710 418 at
1739 366 1828 419 hic
1860 386 1916 420 se

37 901 180 946 XVl

223 442 411 494 diebus
443 437 799 510 noctibusque
830 442 1050 494 lassavit
1082 443 1136 493 et
1164 440 1414 493 omnibus
1445 442 1564 494 aliis
1588 441 1917 494 renuntiavit

222 516 417 569 officiis
445 515 574 570 huic
597 516 692 568 uni
715 516 981 568 inminens
1007 518 1060 568 et
1084 518 1352 584 operatuS,
1382 533 1450 568 ne
1483 534 1588 584 qua
1621 534 1676 568 se
1706 516 1917 586 fugeret
1962 539 1981 572 5

222 591 452 661 occasi03
488 589 675 644 eodem
707 608 835 660 ergo
868 590 987 644 loco
1019 593 1177 643 erunt
1206 590 1313 659 ille,
1347 591 1442 658 qui
1473 608 1654 642 curam
1687 591 1914 644 referen-

221 665 318 719 dae
348 665 554 737 gratiae
585 664 796 733 abiecit,
836 667 889 717 et
919 663 1023 734 hic,
1063 665 1156 734 qui
1185 683 1483 733 numquam
1523 665 1590 717 ab
1623 665 1717 717 illa
1747 683 1914 719 reces-

219 740 325 793 sit?
365 739 590 809 Iniquus
615 758 686 809 eS,
720 741 764 792 si
788 758 900 792 rem
926 758 957 792 a
979 757 1065 791 me
1089 739 1277 809 exigis,
1309 757 1430 792 cum
1461 739 1642 792 videas
1675 739 1913 792 animum

216 833 323 868 non
359 814 625 868 defuisse‘

289 888 376 941 Ad
420 907 684 943 summam
723 892 877 959 puta,
923 906 1043 941 cum
1085 892 1273 958 captus
1306 906 1469 954 esseS,
1514 908 1599 941 me
1631 890 1909 958 pecuniam
1939 912 1979 943 ιο

219 967 524 1017 mutuatum
547 964 706 1017 rebus
732 964 865 1016 meis
890 963 947 1016 in
971 963 1311 1016 securitatem
1341 963 1618 1018 creditoris
1651 964 1912 1033 obpositis

216 1039 499 1110 navigasse
530 1039 706 1092 hieme
738 1041 848 1091 tam
882 1056 1039 1091 saeva
1069 1056 1165 1108 per
1198 1038 1393 1091 infesta
1424 1037 1721 1091 latrociniis
1752 1038 1913 1091 litora

218 1132 516 1183 emensum,
566 1113 829 1182 quidquid
871 1112 1232 1182 periculorum
1275 1113 1481 1166 adferre
1529 1115 1708 1181 potest
1750 1114 1910 1165 etiam

216 1191 467 1257 pacatum
500 1206 666 1259 mare,
706 1187 1005 1259 peragratis
1046 1187 1295 1240 omnibus
1334 1187 1736 1255 solitudinibuS,
1777 1204 1912 1256 cum,

218 1281 351 1333 quos
401 1281 557 1316 nemo
600 1279 707 1316 non
748 1263 1016 1333 fugiebat,
1064 1280 1164 1333 ego
1208 1280 1538 1331 quaererem,
1585 1262 1800 1315 tandem
1845 1263 1910 1314 ad
1937 1285 1978 1318 15

212 1338 416 1407 piratas
459 1338 700 1408 perveni3
751 1337 859 1390 iam
909 1340 962 1390 te
1004 1337 1143 1390 alius
1186 1337 1506 1390 redemerat:
1553 1337 1777 1406 negabis
1824 1355 1909 1390 me

215 1414 442 1484 gratiam
475 1411 784 1465 rettulisse?
817 1412 1064 1480 etiamne,
1096 1411 1142 1464 si
1173 1411 1230 1465 in
1261 1412 1354 1465 illa
1378 1411 1721 1482 navigatione
1752 1429 1910 1482 pecu-

213 1487 373 1559 niam,
405 1506 566 1556 quam
597 1486 760 1539 saluti
790 1490 914 1539 tuae
948 1490 1331 1555 contraxeram,
1362 1487 1657 1557 naufragus
1688 1486 1910 1555 perdidi,

213 1562 468 1632 etiamne,
512 1562 557 1615 si
590 1563 648 1615 in
678 1562 914 1626 vincula,
958 1580 1094 1631 quae
1134 1560 1410 1614 detrahere
1449 1561 1551 1613 tibi
1581 1560 1751 1630 volui,
1794 1561 1909 1630 ipse

212 1637 399 1706 incidi,
437 1637 659 1708 negabis
699 1655 784 1689 me
827 1636 1100 1689 rettulisse
1143 1635 1410 1706 gratiam?
1464 1635 1540 1688 At
1577 1635 1906 1689 mehercules
1931 1659 1975 1691 20

211 1710 566 1765 Athenienses
598 1710 954 1764 Harmodium
987 1714 1040 1764 et
1071 1710 1500 1780 Aristogitonem
1545 1710 1906 1780 tyrannicidas

210 1789 416 1855 vocant,
455 1789 508 1840 et
539 1785 718 1838 Mucio
751 1804 942 1838 manus
974 1786 1031 1837 in
1060 1784 1249 1838 hostili
1281 1803 1373 1837 ara
1404 1785 1590 1837 relicta
1621 1785 1791 1838 instar
1822 1804 1906 1839 oc-

210 1861 309 1914 cisi
346 1860 603 1914 Porsinae
645 1861 771 1925 fuit,
815 1863 870 1912 et
912 1877 1121 1930 semper
1163 1863 1349 1912 contra
1391 1861 1661 1912 fortunam
1703 1859 1906 1912 luctata

208 1935 382 1988 virtus
407 1935 568 1988 etiam
593 1935 729 1988 citra
752 1935 1003 1988 effectum
1036 1935 1303 2004 propositi
1327 1934 1504 2004 operis
1529 1933 1737 1987 enituit.
1776 1933 1903 1987 Plus

208 2010 501 2079 praestitit,
545 2011 638 2079 qui
683 2010 952 2080 fugientes
993 2011 1295 2063 occasiones
1336 2012 1548 2062 secutus
1590 2011 1670 2063 est
1709 2012 1761 2061 et
1799 2009 1904 2061 alia
1929 2031 1970 2064 25

209 2089 370 2154 atque
416 2085 521 2138 alia
562 2085 820 2154 captavit,
870 2103 966 2154 per
1008 2102 1144 2153 quae
1194 2084 1390 2137 referre
1432 2084 1664 2155 gratiam
1706 2087 1904 2154 posset,

209 2179 367 2230 quam
395 2178 550 2228 quem
578 2159 692 2213 sine
723 2162 835 2213 ullo
862 2159 1054 2212 sudore
1085 2162 1297 2230 gratum
1329 2159 1504 2228 prima
1526 2158 1655 2211 fecit
1678 2158 1901 2212 occasio.

284 2234 469 2287 ‘Duas'
509 2235 687 2304 inquit
724 2235 828 2287 ‘res
866 2235 958 2286 ille
998 2234 1100 2286 tibi
1139 2234 1430 2303 praestitit,
1473 2233 1808 2286 voluntatem
1849 2235 1902 2285 et

205 2327 341 2379 rem3
372 2311 434 2362 tu
459 2327 671 2377 quoque
696 2308 776 2362 illi
801 2309 931 2362 duas
958 2308 1151 2361 debes?
1197 2307 1391 2360 Merito
1424 2307 1569 2360 istud
1603 2307 1802 2361 diceres
1835 2307 1899 2376 ei,

280 2450 303 2484 2
336 2441 376 2485 si
407 2455 492 2485 nec
524 2443 558 2485 t.
584 2446 614 2484 0
729 2450 752 2484 8
776 2455 948 2499 negare
971 2441 1034 2484 Nl
1153 2450 1178 2484 4
1209 2440 1408 2485 lassabit
1433 2444 1511 2483 ΟΥ
1534 2454 1648 2486 corr.
1674 2458 1709 2485 ω
1830 2453 1899 2484 re-

204 2501 452 2545 nunciauit
475 2506 512 2544 V
545 2501 774 2545 —untiabit
798 2505 829 2544 0
943 2510 966 2545 8
992 2502 1063 2546 est
1085 2501 1147 2544 Nl
1258 2509 1361 2557 osq.
1388 2499 1592 2545 defuisse
1618 2501 1678 2544 ad
1704 2514 1898 2544 summa.

207 2563 467 2618 (summam.
491 2562 546 2617 V)
572 2565 650 2604 0V
681 2575 794 2606 corr.
821 2578 856 2604 ω
977 2569 1022 2605 12
1054 2560 1149 2605 iam
1181 2574 1319 2606 saeva
1346 2561 1477 2606 Grut.
1601 2560 1739 2604 litore
1770 2573 1898 2603 men—

206 2635 308 2664 sum
331 2620 394 2663 11¹
493 2629 541 2663 18
572 2619 833 2676 periculum
855 2625 894 2663 R
924 2620 1124 2677 periculi
1148 2625 1223 2664 GP
1326 2619 1500 2664 adferri
1523 2623 1562 2662 N
1569 2618 1631 2662 ²13
1736 2628 1781 2663 15
1806 2634 1899 2663 non

204 2680 311 2725 add.
330 2697 364 2724 ω
383 2694 488 2724 cum
504 2680 592 2735 his,
611 2695 654 2736 q.
670 2695 716 2724 n.
732 2694 826 2724 non
842 2684 880 2723 V
894 2682 1156 2737 (quaerens)
1238 2688 1283 2723 1¹2
1302 2680 1447 2723 etiam
1462 2692 1521 2723 ne
1538 2679 1578 2722 si
1593 2683 1632 2722 R
1648 2679 1792 2723 etiam
1808 2679 1900 2723 nisi

204 2739 309 2783 ΝΞΟ
408 2739 541 2784 illam
573 2739 926 2796 nauigationem
950 2740 1013 2782 ΠΙ
1117 2748 1164 2783 18
1195 2739 1456 2797 naufragiis
1490 2743 1565 2782 GP
1677 2747 1723 2782 19
1757 2738 1899 2782 etiam

203 2800 294 2843 nisi
332 2799 455 2844 uine.
490 2803 520 2842 0
553 2813 666 2845 corr.
703 2799 834 2845 Grut.
987 2808 1036 2843 23
1074 2799 1292 2856 porsinae
1332 2801 1371 2856 (s
1403 2813 1459 2844 σω
1490 2800 1532 2855 c)
1563 2802 1602 2840 N
1639 2811 1897 2855 porsennae

203 2858 305 2901 ΝΞΟ
428 2868 476 2902 24
507 2858 757 2915 propositis
791 2860 849 2902 (3¹
970 2859 1100 2916 operi
1133 2859 1309 2903 sentuit
1339 2858 1402 2901 ΠΙ
1521 2857 1722 2901 innotuit
1753 2858 1809 2900 1³¹

203 2927 252 2961 26
283 2918 432 2975 possit
461 2919 523 2960 Nl
