2020 3132
188 91 316 136 XXII
867 87 1209 133 PRAEFATIO

187 233 418 293 quoniam
433 233 580 292 prins
606 232 780 278 bonum
807 233 849 279 et
866 232 1064 292 gyratam
1078 229 1333 289 putabam.
1352 228 1479 288 qnod
1503 232 1754 290 tamquam
1771 222 1882 295 (cfr.

190 311 226 355 S
242 324 288 369 p.
303 300 494 371 XXIII)
527 306 692 362 154,4
718 320 812 353 sna
839 319 991 353 cansa
1015 320 1081 352 an
1097 307 1266 352 nostra
1290 319 1358 351 an
1383 306 1426 351 et
1445 318 1540 351 sua
1564 306 1607 351 et
1629 306 1798 352 nostra
1819 304 1884 351 18

188 397 299 430 snm
321 396 367 428 n.
395 395 431 428 8.
463 381 548 428 sed
581 380 723 427 etiam
754 381 965 428 iniustus
994 380 1113 439 157,
1142 379 1207 426 13
1234 378 1490 426 habituras
1514 392 1637 438 quas
1661 379 1888 426 exercitu-

189 470 277 504 rus
299 455 440 515 faber
464 455 581 515 quid
604 455 659 501 in
683 455 809 502 diem
831 456 1074 501 mereatur
1081 453 1352 513 paciscitur
1371 452 1492 512 168,
1512 452 1578 498 26
1596 467 1753 500 sunm.
1772 452 1888 500 dum
1923 443 1926 446 ⁴

189 531 272 578 hec
286 544 396 589 sepe
408 529 576 577 nidisti
588 528 845 577 uindicanti
859 532 885 577 1
897 529 978 589 74,
996 531 1022 576 1
1034 530 1062 575 7
1088 529 1385 575 ononstarent
1403 519 1520 592 (sic)
1537 527 1582 574 si
1601 529 1889 586 optauerunt

192 606 383 652 ethnam
413 604 650 651 immensa
673 604 704 651 i.
730 603 783 650 ui
806 617 962 663 supra
984 616 1021 650 3.
1040 617 1085 650 a.
1110 605 1165 649 ut
1188 601 1389 649 daretur
1419 601 1541 661 ipsis
1571 602 1755 649 occasio
1789 602 1888 648 each.

196 681 258 727 21
289 680 453 738 finiret
483 678 782 726 desiderauit
806 677 926 740 178,
956 677 1021 724 17
1055 677 1263 736 reefflere
1294 675 1422 735 quod
1451 689 1550 722 non
1581 675 1719 723 debes
1744 690 1890 734 qnam

191 767 290 801 non
314 753 433 801 dare
456 749 587 813 qnod
610 751 748 799 debes
776 752 897 814 186,
919 755 945 799 1
974 751 1095 798 satis
1121 754 1200 798 est.
1249 750 1315 797 Id
1338 750 1465 810 qnod
1491 752 1558 797 est
1572 765 1731 797 meum
1748 750 1891 797 aliter

192 829 426 888 sapientis
451 830 519 875 est
542 827 683 874 aliter
706 841 879 873 meum.
897 840 1056 873 oneum
1075 828 1142 872 est
1155 825 1330 872 habere
1337 839 1482 885 posse
1499 825 1682 872 donare
1697 825 1889 884 sapien-

194 904 254 950 tis
271 903 321 949 et
344 901 430 949 ubi
445 902 658 948 maxime
685 900 780 948 sibi
797 899 1021 959 indulsit,
1042 901 1125 960 77,
1144 900 1211 947 29
1229 900 1461 959 proferri.
1500 897 1557 946 Si
1580 898 1697 958 qnid
1719 899 1892 946 melius

192 978 299 1024 uita
332 979 400 1024 est
431 979 473 1024 et
496 991 528 1024 a
543 979 688 1036 patre
710 976 815 1023 sola
839 976 945 1022 uita
968 974 1116 1022 datur
1130 977 1287 1033 potest
1312 974 1552 1032 benefieiis
1578 988 1609 1021 a
1632 973 1734 1032 filio
1759 973 1893 1020 uinci

185 1055 344 1112 pater.
375 1051 540 1112 quiid.
575 1048 717 1105 Quod
735 1049 776 1096 si
792 1051 1053 1110 tantopere
1072 1048 1174 1096 eius
1192 1048 1396 1096 licentia
1413 1048 1639 1110 grassata
1657 1049 1744 1108 est,
1762 1046 1893 1094 idem

193 1128 361 1174 tamen
392 1126 524 1173 recte
558 1125 690 1172 solus
717 1126 764 1183 8,
791 1125 858 1171 23
892 1123 1092 1171 libenter
1115 1123 1235 1170 dare
1267 1116 1471 1188 (omisso
1504 1124 1672 1169 tamen
1697 1122 1894 1170 libenter

194 1193 430 1266 accipere)
458 1199 654 1247 exhibet
680 1191 787 1263 (cfr.
807 1198 958 1246 etiam
991 1197 1333 1245 additamenta
1360 1198 1445 1257 32,
1465 1197 1556 1257 223
1583 1197 1668 1257 38,
1690 1198 1781 1256 20,
1808 1196 1894 1255 48,

197 1276 289 1337 24,
316 1275 512 1335 89,14,
541 1275 661 1332 104,
680 1273 877 1334 4,163,
897 1273 951 1334 5,
977 1273 1208 1333 178,21,
1229 1272 1350 1332 184,
1371 1263 1479 1336 19),
1505 1284 1684 1332 anceps
1701 1269 1895 1330 haere0,

194 1350 360 1397 utrum
393 1348 484 1396 illa
516 1348 764 1396 sententia
788 1363 836 1408 p.
858 1348 940 1408 30,
961 1347 990 1394 9
1016 1349 1070 1393 ut
1094 1350 1136 1393 te
1160 1347 1325 1394 omnia
1354 1346 1510 1392 nimia
1536 1345 1769 1392 delectant
1808 1343 1894 1390 Se-

195 1440 343 1472 necae
372 1422 528 1486 ipsius
563 1424 629 1470 sit
660 1438 723 1469 an
753 1438 810 1469 ex
843 1420 1035 1469 falsarii
1058 1423 1258 1468 moneta
1289 1418 1596 1482 provenerit3
1626 1433 1743 1466 nam
1774 1418 1896 1466 haec

196 1498 346 1546 verba
386 1498 615 1559 quamvis
657 1496 1041 1544 concinnitatem
1082 1496 1453 1543 enuntiatorum
1487 1495 1715 1557 augeant,
1747 1493 1895 1555 plane

197 1572 474 1621 necessaria
492 1587 595 1620 esse
614 1570 916 1620 Rossbachio
934 1585 1033 1618 non
1051 1569 1276 1618 concedo.
1302 1567 1491 1615 Futilia
1507 1584 1623 1616 vero
1643 1569 1747 1615 eius
1766 1583 1894 1616 com-

196 1648 365 1695 menta
402 1648 455 1694 in
501 1646 750 1708 apparatu
795 1645 967 1693 critico
998 1644 1251 1692 reticenda
1294 1645 1451 1703 erant,
1494 1642 1780 1690 annotanda
1823 1657 1895 1702 ea,

201 1722 287 1770 ubi
318 1721 540 1783 palmam
571 1719 706 1768 tulit.

272 1797 387 1844 Non
410 1795 648 1843 minorem
676 1795 1045 1856 corruptionem
1069 1792 1147 1840 vel
1174 1792 1218 1840 si
1233 1791 1392 1839 mavis
1410 1792 1736 1839 mutationem
1753 1790 1895 1837 Pari-

199 1872 297 1918 sini
314 1874 351 1920 S
368 1869 665 1934 florilegium
690 1870 946 1931 expertum
965 1870 1050 1916 est.
1100 1867 1231 1914 Nam
1248 1882 1347 1914 non
1363 1867 1509 1914 modo
1528 1866 1569 1914 is
1589 1867 1677 1928 qui
1703 1881 1896 1927 excerp-

201 1945 282 2006 sit,
306 1947 364 1993 ut
388 1945 659 1993 sententias
685 1959 711 1992 e
736 1958 923 1991 conexu
948 1942 1138 1991 solutas
1162 1957 1250 2003 per
1275 1957 1324 1988 se
1348 1940 1576 1989 redderet
1598 1939 1898 2003 perspicuaS,

198 2020 351 2069 verba
382 2018 564 2079 omisit,
594 2019 917 2081 transposuit,
951 2017 1201 2065 disiuncta
1231 2015 1502 2075 coniunxit,
1534 2014 1619 2063 sed
1650 2031 1712 2062 ne
1744 2014 1895 2061 auda-

201 2096 354 2143 ciores
374 2094 573 2156 quidem
592 2092 892 2141 mutationes
910 2108 1008 2139 non
1022 2106 1178 2153 aeque
1193 2092 1452 2139 excusatus
1465 2088 1695 2137 inducere
1707 2089 1895 2137 veritus

201 2172 289 2230 est,
314 2171 370 2217 ut
394 2170 444 2230 4,
470 2170 539 2216 24
571 2169 772 2216 solatur.
818 2167 1068 2227 Maqnnm
1099 2169 1167 2214 est
1197 2166 1323 2213 enim
1355 2165 1586 2224 beneficia
1610 2163 1729 2212 dare
1754 2164 1898 2212 etiam

199 2246 244 2292 si
272 2244 465 2292 nullum
486 2244 702 2303 positum
728 2244 795 2290 est
815 2241 964 2289 nichil
988 2241 1149 2300 aptius
1175 2243 1254 2288 est.
1302 2239 1339 2286 I
1344 2239 1449 2287 llud
1474 2240 1599 2287 enim
1624 2241 1692 2286 est
1713 2238 1898 2297 falsum

204 2320 251 2382 6,
279 2319 345 2366 18
386 2317 506 2366 Ideo
537 2317 746 2366 ridentes
777 2317 895 2376 qnia
916 2315 1299 2375 promerentium
1329 2314 1496 2361 uultus
1526 2312 1699 2361 hilaris
1710 2305 1754 2378 1>
1785 2314 1900 2359 sunt

203 2395 246 2442 et
267 2394 351 2452 qni
373 2392 495 2440 dant
517 2392 591 2439 vel
616 2392 859 2451 accipiunt
885 2390 931 2450 8,
955 2389 1020 2438 18
1047 2389 1252 2437 dicenda
1277 2391 1344 2436 est·
1365 2402 1442 2436 res
1467 2390 1510 2436 et
1531 2387 1633 2435 ord.
1660 2389 1707 2447 8,
1727 2387 1793 2434 23
1821 2399 1896 2433 ac-

202 2469 357 2528 cipere
387 2481 472 2514 nee
502 2467 666 2514 minus
689 2466 888 2513 libenter
915 2465 998 2524 14,
1027 2466 1091 2512 17
1111 2464 1388 2524 plurimum
1410 2463 1568 2510 meriti
1592 2454 1709 2527 (sic)
1734 2475 1898 2520 sump-

202 2544 321 2590 sisse
359 2542 520 2589 uirtus
553 2542 638 2600 21,
672 2541 738 2587 21
775 2541 1099 2600 optimumque
1132 2541 1198 2586 est
1229 2537 1502 2586 antecedere
1532 2535 1827 2584 desiderium
1859 2538 1901 2582 et

202 2617 338 2676 sequi
360 2616 485 2664 illud
510 2618 671 2663 tamen
693 2614 864 2662 melius
893 2617 960 2661 est
982 2627 1216 2674 occupare
1236 2613 1320 2672 22,
1340 2614 1405 2660 16
1425 2610 1755 2658 intercidenda
1771 2611 1898 2657 sunt.

203 2690 300 2739 Sed
329 2705 390 2738 ne
420 2690 679 2738 uideamur
709 2690 866 2750 rogati
895 2688 979 2736 sed
1013 2689 1097 2749 24,
1125 2688 1193 2736 10
1210 2687 1472 2748 promissa,
1497 2688 1632 2732 utne
1656 2686 1814 2731 minor
1837 2685 1902 2731 sit

205 2781 244 2812 r.
262 2769 292 2814 t.
310 2780 350 2826 q.
368 2780 409 2813 r.
433 2766 655 2825 potentie·
667 2765 960 2823 potestatum
990 2762 1203 2810 ministri
1237 2762 1321 2821 24,
1348 2760 1414 2809 15
1449 2772 1600 2820 qnare
1630 2773 1802 2806 uerum
1834 2760 1902 2805 est

284 2923 327 2977 1)
359 2920 434 2964 Sic
465 2935 525 2965 m.
562 2925 599 2975 1,
632 2920 800 2965 hilares
830 2934 891 2963 m.
925 2923 964 2963 2.
