2020 3132
549 88 629 132 DE
662 87 995 133 BENEFICIIS
1027 89 1136 134 LIB.
1168 90 1190 133 1
1221 89 1348 134 CAP.
1383 96 1409 135 3
1800 91 1829 141 7

132 245 243 280 rem
291 225 492 278 iudicet
536 227 825 295 pertinere,
872 243 1008 295 quae
1046 225 1267 278 nomina
1305 226 1414 279 illis
1454 226 1721 280 Hesiodus
1754 228 1831 280 in-

134 301 387 370 posuerit.
453 299 656 370 Aeglen
707 299 995 352 maximam
1049 304 1181 353 natu
1228 300 1544 370 adpellavit,
1599 301 1831 354 mediam

131 374 544 444 Euphrosynen,
565 374 781 427 tertiam
805 373 1067 427 Thaliam.
1115 374 1327 428 Horum
1358 376 1638 429 nominum
1669 376 1828 429 inter·

131 450 511 518 pretationem,
539 452 703 518 prout
734 448 927 518 cuique
959 448 1133 502 visum
1166 452 1268 518 est,
1301 449 1537 503 deflectit
1568 454 1622 503 et
1653 451 1718 503 ad
1751 469 1832 503 ra-

87 546 108 578 ⁶
133 524 335 577 tionem
368 523 603 593 aliquam
637 526 861 576 conatur
890 523 1195 593 perducere,
1230 542 1351 577 cum
1384 523 1653 578 Hesiodus
1686 526 1833 594 puel-

130 599 198 652 lis
231 599 360 667 suis,
403 598 547 668 quod
578 598 775 666 voluit,
812 616 1007 651 nomen
1050 598 1366 667 inposuerit.
1412 598 1601 669 Itaque
1635 599 1833 653 Home-

132 692 223 726 rus
247 674 342 726 uni
367 673 613 740 mutavit,
638 671 922 726 Pasithean
950 673 1243 742 adpellavit
1266 677 1320 727 et
1343 673 1399 726 in
1423 675 1831 728 matrimonium

131 748 405 817 promisit,
436 751 498 801 ut
529 748 666 801 scias
697 765 807 800 non
847 765 963 800 esse
1003 747 1125 802 illas
1165 748 1404 819 virgines
1435 747 1699 803 Vestales,
1747 747 1832 802 In-

135 823 339 876 veniam
395 821 560 875 alium
609 825 848 892 poetam,
902 822 1044 892 apud
1100 841 1259 892 quem
1314 824 1732 895 praecingantur
1778 827 1833 876 et

65 919 108 951 ιο
131 897 320 967 spissis
349 900 443 950 aut
467 896 789 966 Phryxianis
823 896 1099 966 prodeant.
1147 897 1296 969 Ergo
1323 901 1377 950 et
1400 897 1700 952 Mercurius
1727 918 1833 951 una

131 974 255 1038 stat,
284 990 390 1025 non
425 971 553 1042 quia
586 971 842 1024 beneficia
874 972 1011 1025 ratio
1045 972 1368 1026 conmendat
1398 972 1484 1026 vel
1517 973 1707 1043 oratiO,
1739 974 1831 1027 sed

131 1046 258 1116 quia
299 1046 498 1117 pictori
537 1046 613 1099 ita
652 1046 828 1099 visum
869 1049 964 1099 est.
1013 1045 1348 1118 Chrysippus
1390 1066 1627 1118 quoque,
1667 1067 1830 1118 penes

130 1139 288 1191 quem
337 1121 536 1175 subtile
584 1120 717 1174 illud
764 1139 989 1174 acumen
1029 1125 1109 1175 est
1140 1125 1194 1175 et
1232 1122 1287 1176 in
1336 1123 1499 1176 imam
1546 1126 1831 1192 penetrans

131 1198 430 1263 veritatem,
462 1196 556 1265 qui
589 1195 664 1249 rei
699 1195 935 1267 agendae
968 1214 1128 1250 causa
1159 1197 1403 1266 loquitur
1435 1200 1490 1250 et
1514 1197 1692 1251 verbis
1723 1217 1833 1251 non

69 1291 109 1325 ιι
134 1270 289 1340 ultra,
322 1289 480 1341 quam
516 1271 581 1323 ad
626 1271 958 1324 intellectum
1005 1271 1136 1324 satis
1169 1274 1273 1342 est,
1315 1271 1509 1341 utitur,
1553 1276 1730 1326 totum
1769 1273 1831 1326 li-

135 1346 292 1399 brum
338 1364 493 1398 suum
537 1345 624 1398 his
668 1345 887 1415 ineptiis
929 1345 1125 1415 replet,
1166 1347 1244 1399 ita
1273 1350 1336 1399 ut
1379 1346 1442 1399 de
1490 1347 1606 1417 ipso
1651 1347 1831 1405 officio

132 1420 309 1488 dandi,
361 1420 681 1489 accipiendi,
727 1420 981 1473 reddendi
1037 1420 1281 1475 beneficii
1327 1440 1499 1491 pauca
1543 1422 1831 1476 admodum

131 1495 297 1564 dicat3
343 1513 442 1548 nec
472 1494 556 1547 his
603 1494 836 1560 fabulas,
882 1495 975 1547 sed
1015 1494 1145 1548 haec
1191 1495 1391 1550 fabulis
1431 1496 1635 1550 inserit.
1689 1496 1830 1550 Nam

132 1573 343 1640 praeter
373 1569 492 1639 ista,
523 1588 660 1638 quae
694 1568 939 1622 Hecaton
970 1571 1326 1638 transscribit,
1357 1575 1467 1624 tres
1494 1570 1831 1642 Chrysippus

63 1666 109 1699 ὀ
134 1642 344 1698 Gratias
376 1644 455 1697 ait
485 1643 629 1698 lovis
661 1647 714 1698 et
739 1643 1078 1714 Eurynomes
1110 1646 1250 1699 filias
1283 1663 1413 1713 esse,
1446 1650 1618 1700 aetate
1651 1650 1832 1700 autem

131 1719 368 1773 minores
409 1738 569 1788 quam
604 1718 801 1788 Horas,
842 1719 933 1772 sed
973 1719 1289 1773 meliuscula
1319 1720 1456 1774 faeie
1489 1724 1543 1774 et
1578 1721 1696 1775 ideo
1730 1721 1832 1774 Ve-

129 1793 242 1848 neri
274 1793 427 1847 datas
460 1795 699 1848 comites.
748 1792 938 1847 Matris
971 1813 1186 1864 quoque
1215 1813 1412 1848 nomen
1445 1796 1509 1848 ad
1544 1815 1656 1849 rem
1689 1796 1829 1849 iudi-

124 1872 212 1923 cat
242 1868 526 1939 pertinere:
561 1868 908 1939 Eurynomen
934 1870 1076 1923 enim
1103 1869 1317 1939 dictam,
1350 1871 1477 1940 quia
1500 1872 1608 1924 late
1638 1875 1830 1940 paten-

130 1944 201 1998 tis
241 1943 572 1997 matrimonii
611 1944 683 1997 sit
730 1944 987 1998 beneficia
1033 1944 1292 2014 dividere3
1339 1948 1617 2015 tamquam
1667 1948 1826 2000 matri

204 2099 229 2135 1
261 2092 367 2138 Hes.
402 2092 542 2150 theoy.
575 2095 666 2137 909
794 2101 819 2135 ο
852 2093 989 2137 Hom.
1023 2093 1067 2142 Ξ
1094 2096 1190 2138 269
1310 2102 1356 2136 12
1390 2094 1631 2152 Chrysipp.
1663 2094 1828 2153 fraym.

133 2152 194 2197 ῙῙ
220 2154 345 2197 1082
376 2153 543 2197 Arnim
664 2160 711 2195 ιο
741 2152 954 2197 Hecaton
982 2153 1043 2208 fr.
1071 2153 1156 2197 XI
1172 2153 1355 2199 Fowler
1810 2181 1817 2186 ·

206 2279 224 2314 ι
258 2269 387 2315 illius
417 2271 479 2315 1¹¹
562 2281 587 2315 s
611 2270 815 2330 Eglenv
848 2271 987 2329 aglae
1010 2277 1096 2316 RB
1127 2272 1275 2333 Aegle
1306 2278 1340 2316 P
1371 2273 1518 2331 Aegle
1544 2278 1579 2317 G
1611 2273 1728 2331 Egle
1751 2278 1834 2317 ΜΒ

135 2329 330 2386 Aglaien
351 2330 488 2375 Gertz
578 2340 603 2375 8
634 2331 919 2377 eufrosinam
944 2337 979 2375 G
1070 2332 1239 2377 talium
1273 2338 1299 2375 Β
1391 2333 1834 2390 interpretationum

132 2390 194 2433 1¹
224 2392 514 2448 ·pretantum
547 2393 620 2436 est
651 2397 677 2435 8
779 2400 807 2437 ,s
838 2391 1043 2437 uoluerit
1074 2408 1116 2436 n.
1151 2392 1376 2450 imposuit
1405 2397 1450 2436 Π
1556 2401 1580 2437 8
1611 2393 1835 2450 produxit

133 2454 210 2494 GP
293 2449 401 2494 illas
434 2453 550 2495 uest.
578 2465 668 2496 non
701 2464 801 2495 esse
834 2451 952 2510 uirg.
979 2457 1056 2496 GP
1089 2451 1287 2510 uirginis
1313 2452 1508 2497 uestalis
1532 2453 1594 2495 Νι
1678 2462 1702 2494 ο
1727 2466 1833 2510 pro-

133 2509 379 2566 cingentur
409 2515 436 2554 1
556 2519 603 2555 ιο
634 2513 719 2555 aut
756 2525 842 2557 om.
873 2515 920 2555 1
958 2525 1072 2557 auro
1105 2510 1222 2557 Mrt.
1263 2525 1368 2557 cum
1403 2513 1617 2558 Weidner
1670 2512 1834 2570 spissis

132 2569 450 2627 anpbrisianis
483 2575 510 2613 8
558 2570 818 2628 phrixionis
849 2575 894 2615 Π
1015 2580 1056 2615 ιι
1090 2571 1387 2616 commendet
1419 2577 1454 2616 G
1575 2580 1621 2615 1⁸
1660 2572 1834 2629 suptile

133 2634 287 2686 (supa-
317 2643 343 2674 e
373 2633 484 2685 ras.)
515 2634 554 2673 Π
601 2630 821 2675 subtilem
862 2646 973 2676 rasa
1006 2646 1051 2675 m
1084 2635 1122 2674 B
1243 2641 1288 2676 ιο
1321 2630 1475 2676 officio
1512 2631 1647 2677 Gertz
1694 2632 1834 2677 bene-

135 2689 239 2734 ficio
272 2693 304 2733 0
448 2698 492 2733 17
525 2689 845 2747 reddendique
878 2695 955 2735 ΟΡ
1097 2700 1147 2734 20
1178 2691 1438 2736 eorinomes
1478 2694 1586 2743 (cor.
1621 2694 1672 2749 (ἃ)
1704 2696 1834 2736 mm

134 2749 395 2793 eurinomes
420 2749 535 2793 11¹2
564 2752 647 2807 qui
676 2756 718 2796 et
747 2749 962 2795 curiones
994 2751 1045 2795 in
1075 2766 1116 2795 m
1153 2786 1160 2795 .
1187 2750 1476 2796 eorionomes
1500 2756 1533 2795 P
1653 2760 1698 2795 81
1730 2752 1832 2810 sed]

135 2812 184 2852 et
215 2809 350 2854 Gertz
471 2809 638 2855 melius
680 2809 810 2854 culta
854 2814 889 2853 G
1008 2818 1057 2853 ss
1134 2810 1249 2855 adas
1291 2811 1352 2853 11¹
1473 2819 1522 2854 ss
1565 2811 1833 2856 eorinomen

134 2871 261 2912 'BP
292 2868 586 2913 corionomen
614 2874 648 2912 0
689 2869 898 2914 eurinox'n
922 2873 967 2912 Π
1005 2869 1030 2912 ’r
1062 2869 1251 2914 eurione
1285 2870 1347 2912 11⁸
1459 2870 1557 2914 late
1589 2885 1646 2915 εει*
1676 2870 1772 2914 tale
1797 2875 1834 2913 B

209 2927 414 2985 petentis
445 2931 570 2971 BG?
690 2938 736 2972 2⁴
770 2927 1043 2985 patrimonii
1070 2928 1298 2974 Erasmus
1401 2929 1482 2973 sed
1516 2928 1621 2974 ben.
1653 2930 1715 2972 11¹
