2020 3132
564 102 646 148 DE
677 102 1028 149 CLEMENTIA
1056 102 1167 148 LIB.
1199 103 1221 148 I
1251 102 1379 148 CAP.
1414 107 1440 146 3
1737 100 1846 155 215

149 243 260 296 illis
290 241 541 296 salutaris
573 240 817 311 potentia
847 244 950 311 est3
980 258 1106 294 nam
1138 240 1394 310 pestifera
1432 240 1515 294 vis
1548 243 1630 294 est
1667 240 1844 294 valere

149 317 216 370 ad
247 316 559 371 nocendum.
621 314 777 370 Illius
808 315 1021 370 demum
1054 315 1374 387 magnitudo
1415 315 1625 368 stabilis
1656 315 1843 369 funda-

148 396 310 462 taque
341 395 440 460 est,
470 409 629 460 quem
664 408 850 443 omnes
880 394 992 443 tam
1026 408 1190 460 supra
1221 408 1278 442 se
1309 408 1425 443 esse
1463 409 1625 459 quam
1655 408 1754 460 pro
1787 409 1843 444 se

151 467 345 535 sciunt,
376 466 527 519 cuius
559 483 742 519 curam
766 465 1029 519 excubare
1059 483 1159 534 pro
1190 464 1364 518 salute
1395 465 1732 536 singulorum
1767 468 1844 518 at-

107 563 127 596 5
150 559 254 610 que
292 541 664 595 universorum
706 539 927 593 cottidie
966 539 1338 609 experiuntur,
1376 558 1483 609 quo
1521 539 1842 611 procedente

148 633 280 683 non,
327 619 603 685 tamquam
647 615 848 668 malum
891 613 1115 684 aliquod
1165 617 1259 668 aut
1301 615 1526 668 noxium
1570 614 1770 667 animal
1813 634 1841 668 e

149 690 315 744 cubili
346 688 655 759 prosilierit,
687 688 995 760 diffugiunt,
1026 688 1119 742 sed
1150 692 1427 758 tamquam
1453 689 1522 742 ad
1552 690 1755 742 clarum
1780 707 1841 743 ac

147 764 444 818 beneficum
478 764 628 816 sidus
660 764 906 817 certatim
938 763 1209 817 advolant.
1272 761 1496 817 Obicere
1529 782 1586 818 se
1615 781 1715 833 pro
1746 764 1841 818 illo

147 839 496 892 mucronibus
528 838 900 891 insidiantium
931 838 1262 908 paratissimi
1286 842 1341 892 et
1366 839 1705 892 substernere
1731 857 1843 893 cor-

80 935 124 969 ιο
146 932 280 984 pora
310 931 430 981 sua,
461 913 506 966 si
540 931 637 982 per
668 916 904 983 stragem
943 912 1026 966 illi
1058 912 1349 965 humanam
1381 914 1484 967 iter
1514 913 1582 966 ad
1613 914 1842 967 salutem

144 987 459 1041 struendum
485 988 571 1056 sit,
596 1005 845 1040 somnum
870 987 984 1040 eius
1008 988 1287 1041 nocturnis
1312 987 1550 1041 excubiis
1575 988 1841 1058 muniunt,

143 1061 314 1116 latera
359 1062 555 1116 obiecti
602 1062 1019 1131 circumfusique
1073 1061 1389 1133 defendunt,
1442 1062 1840 1116 incurrentibus

142 1136 399 1208 periculis
431 1155 488 1189 se
521 1135 816 1206 obponunt.
848 1135 976 1190 Non
1007 1139 1090 1190 est
1119 1136 1210 1190 hic
1241 1137 1355 1190 sine
1386 1137 1595 1190 ratione
1625 1138 1840 1208 populis

142 1211 477 1281 urbibusque
517 1229 810 1265 consensus
849 1210 926 1265 sic
964 1211 1282 1282 protegendi
1327 1213 1648 1282 amandique
1686 1230 1838 1283 reges

76 1311 118 1344 u
143 1291 198 1340 et
230 1305 287 1341 se
325 1304 528 1356 suaque
570 1286 828 1355 iactandi,
867 1304 1210 1356 quocumque
1241 1286 1563 1340 desideravit
1593 1288 1838 1357 inperan-

142 1362 213 1415 tis
245 1360 412 1430 salus3
441 1378 543 1414 nec
571 1361 704 1415 haec
735 1360 916 1414 vilitas
948 1361 1030 1414 sui
1063 1365 1145 1414 est
1175 1364 1269 1414 aut
1300 1361 1568 1415 dementia
1597 1381 1697 1431 pro
1728 1381 1837 1416 uno

141 1435 321 1506 capite
363 1439 448 1489 tot
490 1435 643 1488 milia
685 1435 931 1505 excipere
980 1436 1182 1489 ferrum
1229 1454 1292 1491 ac
1336 1436 1524 1490 multis
1570 1437 1837 1492 mortibus

142 1529 303 1565 unam
336 1510 571 1564 animam
604 1510 864 1564 redimere
894 1528 1300 1580 nonnumquam
1341 1511 1483 1565 senis
1515 1514 1570 1565 et
1600 1511 1836 1566 invalidi.

141 1585 603 1649 Quemadmodum
646 1588 823 1639 totum
868 1603 1063 1655 corpus
1106 1586 1286 1639 animo
1327 1586 1561 1640 deservit
1599 1589 1675 1656 et,
1714 1604 1835 1641 cum

72 1682 116 1717 ιο
140 1660 246 1714 boc
276 1664 431 1714 tanto
463 1660 638 1713 maius
670 1663 927 1730 tantoque
959 1660 1254 1730 speciosius
1286 1661 1380 1730 sit,
1412 1661 1503 1714 ine
1535 1661 1591 1714 in
1624 1662 1835 1716 occulto

138 1739 354 1789 maneat
393 1736 570 1788 tenuis
613 1737 668 1788 et
709 1734 766 1788 in
810 1753 915 1805 qua
958 1735 1082 1789 sede
1123 1736 1302 1789 latitet
1349 1735 1611 1806 incertus,
1654 1740 1836 1792 tamen

136 1828 353 1879 manus,
392 1809 575 1880 pedes,
617 1809 759 1863 oculi
801 1810 1080 1881 negotium
1120 1809 1201 1864 illi
1240 1814 1458 1881 gerunt,
1505 1811 1659 1865 illum
1703 1811 1836 1866 haec

136 1885 276 1939 cutis
308 1885 507 1954 munit,
544 1884 691 1939 illius
725 1885 876 1938 iussu
916 1884 1151 1939 iacemus
1190 1887 1286 1938 aut
1317 1885 1546 1954 inquieti
1586 1886 1833 1940 discurri-

138 1978 272 2029 mus,
304 1977 426 2013 cum
467 1958 559 2013 ille
598 1958 880 2029 inpertivit,
909 1959 1022 2013 sive
1053 1978 1246 2013 avarus
1278 1959 1528 2014 dominus
1562 1964 1656 2031 est,
1688 1980 1833 2015 mare

71 2056 115 2090 u
140 2033 277 2088 lucri
308 2051 469 2088 causa
500 2036 818 2102 scrutamur,
848 2033 961 2087 sive
993 2034 1328 2104 ambitiosus,
1352 2035 1458 2088 iam
1484 2035 1682 2089 dudum
1710 2036 1833 2091 dex-

136 2113 273 2163 tram
307 2107 539 2162 flammis
570 2108 865 2163 obiecimus
896 2111 991 2162 aut
1023 2109 1315 2163 voluntarii
1347 2113 1545 2164 terram
1578 2110 1834 2165 subsilui-

138 2202 273 2252 mus,
304 2184 383 2237 sic
412 2182 546 2237 haec
577 2184 821 2237 inmensa
852 2183 1144 2238 multitudo
1176 2184 1336 2241 unius
1367 2185 1578 2238 animae
1610 2185 1833 2240 circum-

208 2354 233 2390 8
263 2359 406 2402 qum
429 2350 548 2391 ΙΙ.)
666 2360 827 2391 omnes
856 2360 950 2392 non
982 2349 1081 2392 tam
1105 2350 1142 2391 Δ
1255 2349 1355 2392 tam
1385 2361 1469 2406 pro
1501 2348 1607 2393 aliis
1637 2362 1780 2406 quam
1804 2355 1831 2394 8

208 2414 231 2450 4
263 2419 376 2451 curs
405 2409 440 2451 ι’
558 2414 583 2450 ὅ
613 2407 923 2464 praecedente
952 2411 986 2451 1.
1105 2415 1130 2451 o
1161 2406 1285 2453 malo
1316 2407 1379 2452 1¹
1498 2416 1522 2452 8
1552 2407 1831 2455 beneficium

132 2466 279 2509 1¹1⁸
398 2473 444 2510 u
562 2465 599 2510 's
633 2465 769 2512 Gertz
888 2474 936 2511 ιε
966 2467 1357 2524 quandocumque
1391 2467 1525 2514 Gertz
1644 2477 1691 2512 ιο
1720 2482 1829 2514 nam

133 2524 250 2571 boec
281 2529 319 2569 Δ
438 2524 487 2570 ui
561 2526 601 2570 is
631 2528 754 2569 ΔῙῙ.
874 2525 1126 2573 clementis
1156 2530 1318 2572 Arm·
1437 2535 1484 2572 18
1515 2527 1738 2574 inuslidis
1768 2529 1830 2573 11¹

206 2593 258 2629 ὀ
296 2584 413 2630 baec
442 2588 476 2629 1.
611 2584 675 2630 sit
705 2588 755 2630 et
782 2589 816 2630 1.
965 2595 1015 2630 n
1046 2600 1243 2645 magnus
1274 2586 1337 2630 1¹¹
1470 2586 1598 2632 illius
1629 2591 1710 2632 Ar

131 2652 182 2689 ¹⁸
210 2659 297 2690 usn
328 2648 362 2688 1.
480 2643 527 2689 in
564 2644 704 2689 uictis
734 2645 797 2689 1¹
924 2653 972 2691 u
1004 2645 1122 2691 mari
1153 2646 1213 2690 Β*
1340 2654 1390 2691 2⁸
1421 2646 1677 2693 abiecimus
1707 2652 1829 2693 31³1.

130 2703 174 2763 (ἲ
215 2705 276 2749 sd
317 2703 550 2762 oe.10’)o
584 2704 751 2750 icimus
782 2705 838 2749 τ’
1011 2705 1263 2751 voluntarii
1306 2708 1358 2764 (ε.
1391 2706 1615 2764 volentes)
1656 2710 1827 2778 terram

129 2764 302 2812 ωκοοσί
331 2762 645 2809 uoluntariam
677 2764 802 2821 (arii
833 2769 866 2808 1.
897 2764 1016 2811 arie
1047 2768 1158 2822 A)o
1190 2764 1328 2811 -tsris
1359 2765 1445 2811 sub
1478 2766 1629 2812 solum
1660 2766 1827 2813 ivimus

231 2859 241 2869 .
282 2822 489 2869 volente·
520 2823 685 2869 rimam
718 2824 843 2870 subs.
875 2839 913 2870 v.
946 2825 990 2871 d.
1022 2825 1151 2884 apud
1181 2825 1407 2872 Schultess
1445 2828 1528 2871 sut
1558 2827 1827 2886 voraginem

204 2882 371 2929 'subt
392 2883 484 2930 Leo
603 2891 651 2928 οἵ
684 2883 844 2929 anima
875 2888 907 2929 0
937 2898 1052 2932 corr.
1078 2902 1113 2930 ω
1145 2885 1228 2931 uni
1258 2887 1312 2931 ut
1342 2886 1498 2931 animo
1523 2886 1616 2933 Leo
1738 2887 1806 2933 cir

129 2943 302 2989 cadat·
329 2946 416 2988 ΙΙ.

1872 1154 1899 1193 4

1868 1602 1895 1643 5
