2020 3132
208 61 276 112 70
739 63 789 108 L.
821 64 1055 110 ANNAEI
1088 66 1362 112 SENECAE

203 216 267 249 ex
300 216 360 249 ea
403 199 858 268 peregrinatione,
899 220 1058 270 quam
1092 203 1336 272 parabat3
1377 206 1430 256 et
1460 204 1724 258 adiecerat
1754 205 1895 258 idem

203 289 387 324 omnes
413 275 467 324 et
490 276 671 325 tauros
697 276 750 326 et
780 275 979 327 vitulos
1013 279 1214 345 optare.
1263 276 1514 344 Fuerunt,
1541 278 1631 346 qui
1662 279 1753 331 illa
1780 278 1895 332 dili-

201 347 390 415 genter
420 347 678 400 audirent.
727 346 802 401 Ut
834 350 1067 417 primum
1101 350 1310 419 diluxit,
1336 369 1534 420 servuS,
1559 353 1651 421 qui
1683 354 1895 405 cenanffi

203 419 270 471 ad
301 419 460 488 pedes
494 424 737 490 steterat,
776 427 982 493 narrat,
1023 442 1160 492 quae
1199 425 1340 477 inter
1380 443 1563 478 cenam
1604 426 1781 479 ebrius
1821 427 1895 480 di-

203 494 391 563 xisset,
430 498 484 547 et
515 494 786 565 hortatur,
816 501 878 550 ut
911 497 1189 551 Caesarem
1231 503 1455 568 occupet
1495 503 1654 570 atque
1693 501 1807 570 ipse
1840 520 1893 554 se
1941 525 1962 556 5

143 585 167 622 2
203 567 418 621 deferat.
484 569 620 623 Usus
661 571 886 624 consilio
928 573 1267 626 descendenti
1307 573 1519 626 Caesari
1566 576 1797 627 occurrit
1829 580 1895 644 et,

202 661 321 695 cum
365 645 555 696 malam
596 649 828 698 mentem
860 647 1112 700 habuisse
1146 666 1202 701 se
1233 648 1405 717 pridie
1445 649 1694 718 iurasset,
1738 646 1793 702 id
1834 654 1896 702 ut

201 718 257 769 in
289 736 345 770 se
377 721 429 769 et
461 720 518 771 in
549 720 691 772 filios
725 738 850 773 suos
880 722 1156 791 recideret,
1189 723 1397 790 optavit
1428 725 1481 775 et
1508 722 1802 788 Caesarem,
1834 728 1895 777 ut

199 792 502 861 ignosceret
549 794 650 847 sibi
698 795 999 864 rediretque
1048 797 1102 849 in
1151 797 1378 867 gratiam
1426 815 1622 865 secum,
1668 799 1892 869 rogavit.

97 934 102 938 ι
141 883 166 921 3
202 865 334 919 Cum
369 867 591 921 dixisset
623 888 678 922 se
706 868 898 923 Caesar
929 871 1123 923 facere:
1158 870 1372 924 ‘Nemo’
1405 872 1582 941 inquit
1614 873 1810 926 ‘credet
1841 876 1893 926 te
1919 896 1961 928 ιο

199 960 409 994 mecum
442 943 498 995 in
530 945 760 1013 gratiam
793 945 1008 1015 redisse,
1038 945 1146 998 nisi
1177 945 1382 1015 aliquid
1414 947 1546 999 mihi
1579 947 1894 1016 donaveris’,

198 1017 442 1085 petitque
473 1037 581 1070 non
610 1019 988 1072 fastidiendam
1022 1020 1183 1072 etiam
1216 1039 1246 1072 a
1277 1021 1511 1090 propitio
1546 1040 1803 1074 summam
1840 1026 1893 1074 et

198 1091 502 1160 inpetravit.
552 1091 746 1146 Caesar
770 1095 865 1146 ait:
900 1094 1039 1146 ‘Mea
1063 1113 1222 1146 causa
1253 1095 1389 1148 dabo
1425 1114 1657 1165 operam,
1687 1114 1754 1148 ne
1778 1116 1892 1149 um-

139 1181 166 1219 4
199 1184 355 1233 quam
391 1166 493 1219 tibi
524 1168 756 1221 irascar’.
805 1168 1044 1222 Honeste
1075 1170 1204 1222 fecit
1238 1168 1452 1233 Caesar,
1494 1171 1635 1239 quod
1668 1170 1892 1241 ignovit,

199 1240 343 1309 quod
381 1241 759 1295 liberalitatem
807 1243 1119 1296 clementiae
1165 1243 1379 1310 adiecit3
1429 1245 1750 1313 quicumque
1788 1246 1893 1299 hoc
1917 1269 1958 1301 15

197 1315 427 1368 audierit
473 1317 800 1386 exemplum,
846 1336 1060 1371 necesse
1107 1322 1188 1371 est
1226 1317 1504 1371 Caesarem
1549 1319 1752 1388 laudet,
1800 1321 1891 1373 sed

197 1408 318 1443 cum
353 1408 564 1445 servum
598 1395 720 1444 ante
753 1391 1063 1445 laudaverit.
1113 1392 1166 1446 N
1169 1411 1239 1445 on
1270 1395 1533 1463 expectas,
1558 1396 1620 1446 ut
1642 1393 1743 1446 tibi
1774 1413 1891 1447 nar-

195 1484 308 1517 rem
340 1484 502 1518 manu
533 1466 778 1535 missum,
823 1468 915 1536 qui
946 1467 1050 1520 hoc
1087 1467 1306 1539 fecerat3
1348 1486 1446 1522 nec
1489 1471 1670 1521 tamen
1701 1469 1890 1539 gratis:

195 1540 476 1608 pecuniam
507 1559 605 1609 pro
635 1541 886 1594 libertate
918 1542 1032 1594 eius
1067 1541 1258 1594 Caesar
1288 1546 1661 1596 numeraverat

14 1619 205 1664 XXVIII
225 1624 247 1662 1
282 1614 415 1667 Post
446 1618 530 1667 tot
561 1616 804 1684 exempla
834 1635 964 1668 num
998 1617 1221 1669 dubium
1255 1621 1358 1686 est,
1392 1617 1524 1686 quin
1570 1617 1887 1670 beneficium
1913 1642 1957 1674 20

195 1690 483 1757 aliquando
516 1709 546 1741 a
580 1708 732 1742 servo
767 1691 1014 1744 dominus
1047 1691 1310 1759 accipiat?
1351 1691 1526 1754 Quare
1557 1693 1740 1761 potius
1772 1711 1887 1762 per-

195 1782 325 1816 sona
356 1783 467 1816 rem
501 1766 725 1834 minuat,
755 1784 917 1834 quam
949 1784 1231 1834 personam
1266 1784 1350 1818 res
1383 1767 1499 1835 ipsa
1537 1766 1887 1819 cohonestet?

193 1838 394 1890 Eadem
448 1839 697 1892 omnibus
740 1840 1006 1909 principia
1048 1840 1338 1909 eademque
1384 1841 1559 1912 orig03
1610 1859 1766 1894 nemo
1814 1841 1887 1894 al-

192 1916 307 1965 tero
339 1913 588 1978 nobilior,
620 1913 723 1966 nisi
757 1914 842 1967 cui
875 1915 1073 1967 rectius
1105 1915 1382 1986 ingenium
1408 1919 1461 1968 et
1492 1915 1696 1968 artibus
1729 1915 1886 1968 bonis

133 2004 158 2041 2
193 1988 384 2056 aptius.
434 1987 538 2050 Qui
571 1989 831 2059 imagines
856 1989 913 2041 in
937 1989 1074 2042 atrio
1102 1993 1383 2059 ¹exponunt
1407 1993 1461 2042 et
1493 1991 1711 2042 nomina
1733 1991 1886 2043 fami·
1911 2011 1952 2045 2⁶

191 2061 295 2114 liae
328 2081 453 2115 suae
491 2062 655 2133 longo
704 2063 889 2116 ordine
929 2081 990 2116 ac
1035 2065 1222 2117 multis
1269 2067 1613 2116 stemmatum
1660 2064 1887 2136 inligata

191 2137 410 2189 flexuris
442 2137 499 2189 in
531 2141 684 2207 parte
716 2139 890 2207 prima
922 2138 1132 2191 aedium
1167 2140 1463 2206 conlocant,
1493 2158 1602 2192 non
1633 2139 1751 2192 noti
1780 2158 1886 2192 ma·

192 2212 274 2281 gis
309 2230 469 2280 quam
500 2211 712 2264 nobiles
752 2214 914 2265 sunt?
954 2212 1106 2266 Unus
1141 2214 1382 2265 omnium
1422 2232 1615 2282 parens
1657 2214 1885 2266 mundus

193 2290 295 2353 est,
343 2286 454 2338 sive
497 2305 593 2355 per
640 2286 948 2356 splendidos
995 2288 1106 2340 sive
1152 2306 1248 2356 per
1294 2288 1536 2341 sordidos
1584 2288 1779 2358 gradus
1818 2287 1885 2340 ad

190 2359 332 2412 hunc
363 2361 537 2429 prima
569 2360 826 2430 cuiusque
866 2362 1018 2432 origo
1058 2362 1381 2431 perducitur.
1427 2362 1554 2415 Non
1594 2365 1697 2430 est,
1737 2362 1881 2431 quod
1908 2385 1951 2416 30

264 2486 284 2520 1
315 2480 514 2534 parauat
535 2478 597 2520 Νι
698 2487 722 2521 4
754 2480 951 2522 steterat
983 2481 1030 2523 et
1061 2479 1292 2534 audierat,
1318 2493 1438 2536 quae
1465 2514 1473 2523 .
1502 2515 1511 2524 .
1539 2478 1747 2534 dixisset,
1779 2479 1884 2523 hor-

190 2538 318 2580 tatur
347 2539 411 2594 (et
441 2552 496 2582 ss.
522 2552 579 2581 m.
609 2540 651 2593 1)
676 2542 720 2581 Μ
849 2546 871 2580 5
904 2540 952 2583 et
983 2553 1067 2584 om.
1102 2542 1264 2596 erm>
1379 2551 1540 2583 caesar
1571 2539 1633 2581 Nl
1753 2547 1776 2580 6
1809 2552 1884 2582 oc-

192 2597 345 2641 curret
386 2597 448 2638 Νι
600 2605 618 2639 7
652 2597 780 2641 mala
821 2598 883 2640 1³¹
1032 2606 1056 2640 8
1097 2598 1353 2652 reccideret
1395 2601 1437 2655 (e
1469 2603 1564 2643 tert.
1599 2612 1654 2642 ex
1684 2597 1717 2653 i)
1750 2602 1789 2640 Ν

190 2665 236 2698 1ο
269 2656 428 2700 credet
460 2661 535 2698 GP
568 2656 716 2700 credit
745 2661 884 2699 ΚΒΜ
996 2666 1041 2700 12
1073 2658 1305 2714 petiitque
1338 2674 1364 2708 ς
1457 2657 1794 2701 fastidiendum
1825 2657 1885 2699 12¹

266 2715 407 2759 etiam
453 2730 536 2760 om.
572 2720 670 2758 GP*
797 2725 843 2759 16
883 2730 1043 2760 caesar
1073 2718 1134 2759 Νι
1284 2727 1326 2759 17
1362 2717 1718 2762 conlaudauerit
1762 2717 1885 2761 rasis

191 2789 277 2818 con
311 2780 344 2817 G
442 2775 547 2818 Non
580 2780 623 2832 (o
656 2790 711 2819 ex
743 2779 787 2830 a)
820 2781 855 2819 G
887 2776 1008 2819 Num
1035 2778 1145 2832 Lps.
1267 2785 1313 2819 18
1345 2791 1531 2820 manum
1563 2777 1626 2819 Nl
1726 2778 1884 2819 tamen

190 2835 403 2891 ingratus
432 2850 478 2890 p.
509 2839 556 2876 M
690 2844 735 2877 19
768 2837 841 2878 css
873 2836 934 2877 Ν1
1070 2845 1118 2878 20
1149 2838 1280 2894 num]
1313 2851 1407 2880 non
1441 2841 1515 2879 GP
1621 2835 1702 2890 qui
1733 2836 1795 2877 Νι

192 2902 239 2935 23
276 2894 446 2937 Eodem
479 2894 539 2935 Νι
661 2902 708 2935 26
741 2894 828 2937 hac
859 2895 967 2936 N¹R
1087 2904 1134 2938 29
1167 2897 1325 2952 gratos
1357 2896 1418 2937 Νι
1538 2903 1588 2937 80
1619 2908 1710 2949 quo
1735 2898 1773 2935 V
