2020 3132
214 102 283 154 74
746 100 795 145 L.
827 101 1064 146 ANNAEI
1095 102 1368 147 SENECAE

151 252 176 290 3
210 237 328 290 ideo
355 235 612 289 maiorem
638 237 902 305 omnibUS,
929 237 1054 306 quia
1077 238 1280 307 primus
1306 241 1400 291 est.
1450 236 1670 292 Servavi
1693 242 1900 307 patrem

211 329 389 363 meum
423 313 476 362 et
508 311 571 362 ad
606 330 867 363 summam
902 312 1123 380 provexi
1163 312 1480 383 dignitatem
1514 316 1568 365 et
1605 312 1902 381 principem

214 385 358 437 urbis
392 403 516 436 suae
548 385 649 438 feci
680 402 778 437 nec
809 388 1019 438 tantum
1052 386 1212 438 rebus
1237 405 1268 438 a
1292 405 1376 439 me
1408 387 1572 457 gestis
1603 387 1903 455 nobilitavi,
1964 424 1967 425 ν

211 459 302 511 sed
334 459 438 528 ipsi
465 478 678 528 quoque
703 461 1050 530 gerendarum
1079 460 1352 530 ingentem
1380 478 1442 514 ac
1463 461 1675 514 facilem
1699 479 1799 514 nec
1822 464 1900 513 tu-

210 537 320 586 tam
373 533 548 586 minus
598 552 758 602 quam
801 534 1092 604 gloriosam
1142 535 1262 588 dedi
1308 535 1610 604 materiam3
1657 535 1901 603 honoreS,

211 625 361 676 opes,
402 607 664 677 quidquid
702 608 966 662 humanos
999 609 1067 661 ad
1099 627 1153 662 se
1192 610 1400 662 animos
1439 611 1604 682 rapit,
1644 611 1902 679 congessi,

150 698 176 736 4
210 686 263 735 et
295 700 412 734 cum
449 701 609 752 supra
634 701 818 735 omnes
845 687 1056 751 starem,
1080 684 1219 736 infra
1244 685 1397 737 illum
1423 685 1563 736 steti.
1611 684 1712 736 Dic
1736 703 1900 738 nunc:

210 757 348 810 ‘Hoc
380 758 581 826 ipsum,
614 757 756 826 quod
790 757 892 811 ista
930 758 1178 827 potuisti,
1226 760 1392 827 patris
1433 776 1628 810 munus
1669 759 1792 827 est’;
1823 778 1901 811 re-

208 832 482 900 spondebo
516 832 639 884 tibi:
671 831 794 884 ‘Est
841 851 1081 901 prorsus,
1130 833 1172 885 si
1215 833 1282 885 ad
1322 834 1425 886 ista
1472 833 1713 885 facienda
1751 834 1900 885 nasci

208 906 339 958 satis
373 909 474 975 est3
515 907 607 960 sed
649 907 694 959 si
726 907 791 958 ad
831 907 965 960 bene
1010 907 1292 960 vivendum
1342 908 1564 960 minima
1601 908 1779 976 portio
1819 911 1901 960 est

206 981 384 1033 vivere
417 985 470 1033 et
502 981 555 1032 id
588 981 851 1049 tribuisti,
892 982 1036 1050 quod
1067 999 1188 1034 cum
1228 983 1354 1034 feris
1399 982 1532 1034 mihi
1565 986 1618 1035 et
1658 982 1901 1034 animali-

207 1055 306 1108 bus
342 1055 661 1123 quibusdam
701 1056 958 1124 minimiS,
999 1057 1318 1126 quibusdam
1359 1058 1520 1109 etiam
1560 1057 1900 1109 foedissimus

209 1149 489 1183 commune
523 1133 618 1200 est,
649 1129 762 1182 noli
793 1130 894 1182 tibi
927 1131 1182 1198 adserere,
1216 1131 1359 1200 quod
1382 1149 1492 1183 non
1517 1150 1581 1184 ex
1612 1131 1720 1183 tuis
1748 1131 1901 1183 bene-

205 1205 356 1268 ficiis,
389 1205 546 1258 etiam
581 1206 630 1258 si
659 1223 763 1258 non
797 1205 910 1257 sine
941 1206 1066 1274 tuiS,
1098 1207 1304 1258 oritur'.

25 1285 174 1329 XXXI
207 1294 229 1332 1
302 1279 441 1331 Puta
472 1298 557 1332 me
589 1280 752 1332 vitam
785 1297 884 1349 pro
917 1282 1029 1333 vita
1067 1280 1377 1333 reddidisse:
1419 1280 1496 1332 sic
1535 1298 1748 1349 quoque
1787 1298 1899 1332 mu-

205 1373 306 1406 nus
339 1356 492 1406 tuum
518 1354 639 1422 vici,
665 1372 783 1407 eum
818 1372 917 1424 ego
952 1354 1184 1408 dederim
1219 1354 1485 1423 sentienti,
1512 1373 1632 1407 cum
1667 1355 1899 1407 sentiens

207 1446 292 1481 me
323 1428 463 1497 dare,
487 1446 608 1481 cum
634 1428 798 1481 vitam
833 1429 939 1481 tibi
970 1448 1079 1482 non
1109 1429 1404 1498 voluptatis
1436 1447 1584 1482 meae
1617 1447 1777 1482 causa
1807 1431 1901 1481 aut

207 1506 348 1555 certe
378 1522 474 1572 per
503 1505 837 1573 voluptatem
872 1504 1122 1573 dederim,
1154 1522 1271 1556 cum
1308 1507 1459 1557 tanto
1484 1504 1656 1556 maius
1682 1504 1753 1555 sit
1775 1504 1900 1555 reti-

206 1595 330 1630 nere
363 1578 611 1646 spiritum
655 1597 812 1647 quam
851 1579 1112 1648 accipere,
1154 1582 1356 1647 quanto
1395 1578 1566 1631 levius
1607 1578 1744 1630 mori
1777 1582 1899 1630 ante

149 1668 173 1706 2
207 1652 396 1705 mortis
444 1655 663 1705 metum.
711 1652 830 1722 Ego
869 1653 1034 1705 vitam
1078 1654 1198 1706 dedi
1245 1654 1427 1706 statim
1468 1653 1561 1705 illa
1606 1671 1768 1705 usuro
1779 1695 1792 1720 ,
1838 1655 1899 1705 tu

205 1727 500 1796 nescituro,
540 1746 608 1780 an
641 1728 863 1795 viveret3
913 1745 1010 1798 ego
1051 1728 1219 1781 vitam
1253 1727 1374 1780 dedi
1406 1730 1632 1780 mortem
1672 1727 1900 1795 timenti,

207 1805 267 1854 tu
298 1802 465 1854 vitam
499 1802 713 1870 dedisti,
760 1805 821 1854 ut
852 1804 990 1854 mori
1032 1821 1269 1872 possem3
1314 1820 1412 1872 ego
1444 1802 1546 1855 tibi
1578 1802 1742 1854 vitam
1778 1801 1899 1854 dedi

210 1879 651 1945 consummatam,
690 1877 1006 1946 perfectam,
1044 1880 1104 1929 tu
1137 1895 1219 1930 me
1253 1880 1522 1945 expertem
1554 1876 1778 1929 rationis
1811 1894 1899 1946 ge-

149 1966 175 2005 3
207 1951 388 2019 nuisti,
421 1969 555 2003 onus
588 1951 836 2004 alienum.
883 1951 981 2005 Vis
1015 1951 1170 2021 scire,
1207 1969 1368 2021 quam
1399 1969 1509 2004 non
1543 1951 1612 2003 sit
1644 1969 1894 2035 magnum

207 2025 527 2078 beneficium
559 2026 723 2078 vitam
759 2026 834 2078 sic
877 2027 1039 2079 dare?
1084 2026 1442 2096 exposuisses3
1481 2044 1671 2094 nempe
1703 2025 1899 2078 iniuria

207 2103 320 2152 erat
352 2100 613 2170 genuisse.
662 2100 778 2162 Quo
821 2101 948 2170 quid
987 2101 1222 2171 colligo?
1268 2100 1550 2153 minimum
1591 2117 1704 2152 esse
1742 2100 1898 2152 bene-

206 2175 387 2227 ficium
436 2174 605 2243 patris
652 2175 946 2244 matrisque
993 2176 1357 2238 concubitum,
1410 2174 1516 2226 nisi
1562 2176 1899 2228 accesserunt

207 2249 332 2317 alia,
373 2268 508 2318 quae
550 2253 1000 2318 prosequerentur
1030 2251 1134 2303 hoc
1173 2250 1388 2302 initium
1428 2250 1663 2301 muneris
1697 2251 1749 2301 et
1779 2247 1897 2300 aliis

147 2339 174 2377 4
207 2324 400 2377 officiis
432 2327 608 2376 ratum
641 2324 892 2377 facerent.
940 2323 1064 2377 Non
1089 2328 1172 2377 est
1204 2324 1405 2377 bonum
1430 2324 1623 2392 vivere,
1649 2322 1741 2375 sed
1765 2322 1897 2375 bene

204 2398 397 2452 vivere.
445 2398 520 2450 At
560 2398 692 2450 bene
732 2399 871 2451 vivo.
921 2397 1024 2452 Sed
1065 2399 1218 2468 potui
1252 2402 1304 2451 et
1344 2398 1504 2469 male3
1544 2398 1621 2450 ita
1650 2398 1754 2449 hoc
1785 2399 1898 2449 tan-

278 2525 298 2558 1
330 2516 508 2572 primus
540 2520 579 2558 N
621 2515 823 2572 primum
857 2517 944 2572 (est
974 2531 1042 2572 pr.
1077 2520 1127 2572 G)
1160 2515 1262 2558 ΝΞΟ
1384 2525 1408 2557 6
1440 2515 1595 2558 animo
1627 2514 1690 2557 Nl
1732 2514 1899 2557 huma-

204 2590 291 2619 nus
324 2589 364 2619 a.
400 2590 434 2619 S.
468 2575 651 2619 animus
684 2581 728 2619 Μ
832 2589 963 2630 cong.
997 2575 1061 2629 εἰς
1095 2590 1201 2619 cum
1237 2575 1370 2620 Gertz
1490 2584 1536 2617 12
1567 2573 1806 2617 fidissimis
1837 2574 1899 2616 Νι

278 2644 326 2678 18
357 2634 587 2679 nollittibi
618 2635 680 2677 Νι
808 2644 853 2677 14
888 2635 927 2678 si
958 2649 1049 2679 non
1083 2636 1190 2679 add.
1225 2650 1251 2684 ς
1285 2635 1395 2691 (cod.
1426 2635 1576 2689 Pinc.)
1712 2643 1758 2676 16
1791 2648 1896 2677 cum

205 2696 400 2739 alterum
432 2709 514 2739 om.
549 2699 594 2736 Μ
625 2695 918 2738 consentiens
953 2699 1027 2737 GP
1139 2703 1184 2736 18
1216 2708 1299 2751 pro
1332 2693 1576 2750 uoluptate
1607 2698 1651 2736 Μ
1766 2702 1814 2735 20
1844 2695 1897 2735 tu

207 2768 290 2798 om.
327 2754 388 2796 w
525 2763 568 2796 21
602 2754 801 2797 viverem
835 2754 1063 2798 Erasmus
1200 2763 1247 2796 22
1278 2753 1425 2796 uitam
1469 2752 1557 2796 tibi
1589 2753 1633 2796 d.
1668 2757 1744 2795 GP
1787 2752 1896 2796 dedi

206 2813 295 2857 tibi
337 2829 379 2856 u,
426 2818 470 2855 Μ
621 2822 668 2855 25
713 2814 980 2870 exposuisse
1024 2815 1094 2856 est
1127 2818 1201 2856 GP
1251 2812 1573 2870 (deformem)
1606 2811 1896 2868 exposuisses

206 2874 245 2917 J
255 2874 450 2917 Mueller
562 2881 610 2914 26
643 2872 742 2925 Quo
775 2873 965 2927 quidem
997 2878 1041 2916 Μ
1080 2872 1305 2928 quicquid
1337 2872 1442 2916 coll.
1477 2877 1551 2915 GP
1664 2880 1708 2913 27
1745 2884 1896 2915 acces-

207 2932 353 2975 serint
385 2937 461 2974 GP
551 2940 598 2974 28
631 2932 729 2975 alta
752 2937 785 2974 P
815 2962 820 2967 -
875 2934 1262 2988 persequerentur
1294 2937 1329 2973 G
1419 2940 1468 2973 30
1499 2931 1655 2987 potuit
1684 2930 1806 2974 male
1838 2930 1897 2971 3¹

1926 931 1968 961 10

1925 1302 1965 1334 15

1924 1675 1967 1707 20

1923 2046 1965 2079 25

1921 2419 1965 2451 80
