2020 3132
186 115 292 170 106
720 117 771 161 L.
802 115 1039 161 ANNAEi
1069 115 1342 160 SENECAE

124 270 150 307 2
183 253 530 323 Distinguam
581 253 748 322 istud,
799 255 940 306 certe
985 252 1260 320 temptabo
1306 252 1648 323 distinguere.
1710 253 1878 305 Bene-

185 328 366 381 ficium
399 331 480 380 est
512 345 673 396 opera
704 327 868 395 utilis,
901 327 993 379 sed
1015 344 1126 379 non
1151 329 1325 379 omnis
1350 344 1510 396 opera
1541 326 1690 379 utilis
1723 327 1877 379 bene-

184 403 365 456 ficium
392 404 495 466 est;
530 401 790 471 quaedam
823 402 965 454 enim
998 404 1110 454 tam
1144 401 1337 471 exigua
1369 405 1508 470 sunt,
1539 404 1601 453 ut
1634 401 1879 454 beneficii

182 495 379 529 nomen
402 494 512 528 non
538 479 810 545 occupent.
854 475 1004 528 Duae
1028 493 1112 528 res
1139 476 1280 528 coire
1314 475 1523 544 debent,
1556 493 1691 544 quae
1723 475 1879 527 bene-

182 551 366 604 ficium
398 551 646 603 efficiant.
688 550 929 603 Primum
959 551 1038 603 rei
1070 549 1410 620 magnitudo3
1443 550 1700 619 qua-edam
1735 550 1877 603 enim
1925 573 1945 605 ε

184 629 310 678 sunt
350 626 492 678 infra
532 625 693 678 huius
734 624 971 679 nominis
1010 642 1330 677 mensuram.
1393 624 1523 686 Quis
1562 624 1878 677 beneficium

186 700 322 753 dixit
363 700 618 769 quadram
658 701 813 768 panis
853 702 947 752 aut
978 699 1172 768 stipem
1213 700 1348 751 aeris
1381 698 1576 751 abiecti
1615 702 1707 751 aut
1739 699 1880 770 ignis

186 774 506 828 accendendi
546 775 744 827 factam
789 774 1149 843 potestatem?
1204 777 1257 826 et
1299 772 1568 826 interdum
1613 773 1716 826 ista
1757 774 1880 842 plus

184 853 415 919 prosunt
440 867 600 918 quam
625 849 881 918 maxima3
914 849 1006 901 sed
1030 852 1209 901 tamen
1233 847 1414 901 vilitas
1441 866 1536 900 sua
1560 848 1686 916 illis,
1718 849 1880 900 etiam

184 924 279 976 ubi
311 922 571 993 temporis
602 923 926 977 necessitate
958 923 1101 976 facta
1133 926 1259 975 sunt
1289 923 1607 991 necessaria,
1647 921 1882 975 detrahit
1906 945 1948 977 10

127 1013 153 1052 3
185 998 435 1068 pretium.
483 997 689 1051 Deinde
720 998 845 1066 hoc,
886 997 1028 1066 quod
1061 997 1499 1067 potentissimum
1534 1000 1626 1065 est,
1670 999 1882 1066 oportet

187 1073 417 1141 accedat,
449 1075 510 1125 ut
543 1073 657 1125 eius
690 1091 848 1125 causa
879 1072 1090 1141 faciam,
1123 1072 1188 1124 ad
1211 1090 1369 1140 quem
1393 1071 1571 1124 volam
1602 1071 1880 1140 pervenire

186 1148 529 1214 beneficium,
577 1147 906 1218 dignumque
953 1164 1073 1199 eum
1122 1146 1352 1199 iudicem
1394 1149 1447 1198 et
1485 1146 1657 1198 libens
1697 1145 1751 1198 id
1791 1147 1881 1199 tri-

187 1223 349 1276 buam
380 1220 788 1292 percipiensque
828 1240 892 1273 ex
924 1239 1141 1274 munere
1180 1239 1299 1273 meo
1332 1221 1610 1291 gaudium,
1652 1238 1879 1288 quorum

186 1296 325 1350 nihil
355 1299 437 1350 est
467 1296 523 1348 in
555 1297 690 1364 istie,
723 1296 786 1348 de
812 1296 1007 1365 quibus
1032 1295 1406 1364 loquebamur;
1442 1313 1548 1347 non
1575 1295 1718 1348 enim
1750 1298 1879 1348 tam·
1906 1316 1948 1350 15

187 1390 346 1441 quam
389 1370 565 1442 dignis
604 1371 698 1423 illa
737 1370 1047 1439 tribuimus,
1091 1370 1183 1422 sed
1225 1371 1565 1440 neclegenter
1607 1373 1880 1439 tamquam

186 1465 366 1515 parva,
398 1449 451 1498 et
481 1464 591 1499 non
621 1446 830 1498 homini
863 1445 1066 1513 damus,
1098 1445 1190 1497 sed
1220 1444 1559 1497 humanitati.

12 1530 141 1575 XXX
166 1536 187 1574 1
268 1518 575 1589 Aliquando
610 1520 857 1573 daturum
891 1538 976 1573 me
1010 1518 1170 1572 etiam
1211 1518 1444 1590 indignis
1478 1518 1736 1587 quaedam
1774 1537 1884 1571 non

192 1594 496 1665 negaverim
524 1596 580 1648 in
604 1594 864 1648 honorem
890 1594 1134 1662 aliorum,
1160 1593 1298 1646 sicut
1321 1594 1378 1646 in
1401 1594 1644 1662 petendis
1667 1592 1883 1646 honori-

192 1670 294 1722 bus
328 1670 587 1739 quosdam
621 1669 961 1739 turpissimos
1000 1668 1256 1721 nobilitas
1289 1668 1567 1720 industriis
1606 1667 1698 1721 sed
1728 1667 1882 1720 novis
1908 1689 1950 1722 20

190 1744 447 1814 praetulit
485 1763 602 1798 non.
636 1743 750 1796 sine
789 1743 1020 1814 ratione3
1061 1760 1212 1795 sacra
1250 1745 1330 1795 est
1371 1761 1686 1813 magnarum
1718 1742 1883 1795 virtu-

191 1823 307 1872 tum
333 1819 606 1888 memoria,
638 1822 692 1871 et
716 1836 830 1871 esse
854 1818 1035 1887 plures
1059 1818 1232 1870 bonos
1257 1816 1422 1885 iuvat,
1454 1817 1499 1870 si
1525 1816 1697 1886 gratia
1719 1817 1883 1869 bono-

130 1908 155 1947 2
188 1912 308 1946 rum
346 1912 456 1946 non
504 1911 625 1945 cum
666 1893 798 1962 ipsis
840 1892 995 1945 cadit.
1052 1891 1363 1945 Ciceronem
1405 1891 1576 1944 filium
1622 1910 1756 1960 quae
1798 1910 1883 1943 res

191 1968 462 2021 consulem
503 1967 633 2021 fecit
671 1967 777 2020 nisi
816 1966 1003 2036 pater?
1061 1965 1283 2019 Cinnam
1323 1985 1495 2035 nuper
1535 1984 1670 2034 quae
1701 1983 1784 2018 res
1817 1965 1883 2018 ad

188 2043 526 2095 consulatum
557 2042 758 2112 recepit
791 2061 855 2095 ex
886 2041 1124 2093 hostium
1160 2040 1370 2109 castri8‚
1411 2059 1546 2109 quae
1579 2039 1697 2093 Sex,
1730 2040 1886 2093 Pom·
1909 2061 1950 2094 25

186 2118 368 2186 peium
419 2117 659 2186 aliosque
710 2116 995 2185 Pompeios
1042 2115 1148 2168 nisi
1201 2115 1361 2167 unius
1408 2114 1511 2168 viri
1564 2115 1880 2184 magnitudo

186 2194 338 2244 tanta
378 2191 671 2260 quondam,
717 2193 778 2243 ut
818 2190 947 2243 satis
988 2191 1094 2243 alte
1136 2208 1318 2242 omnes
1359 2208 1483 2243 suos
1524 2190 1685 2242 etiam
1728 2189 1883 2242 ruina

189 2266 302 2318 eius
341 2265 662 2319 adtolleret?
726 2264 867 2327 Quid
913 2283 1084 2334 nuper
1122 2263 1351 2318 Fabium
1390 2264 1686 2331 Persicum,
1732 2264 1883 2316 cuius

188 2341 430 2394 osculum
465 2340 626 2393 etiam
659 2339 901 2409 inpudici
934 2339 1283 2407 denota-bant,
1325 2339 1652 2391 sacerdotem
1685 2356 1795 2391 non
1826 2338 1881 2390 in

261 2526 281 2560 1
314 2518 448 2561 certe.
481 2515 542 2560 Et
572 2518 606 2560 t.
640 2520 715 2560 GP
807 2525 830 2560 2
857 2516 986 2560 utilis
1018 2515 1298 2560 beneficium
1330 2515 1412 2559 sed
1438 2514 1558 2571 (ben.
1585 2516 1669 2560 del.
1694 2530 1750 2560 m.
1777 2517 1821 2572 1)
1846 2519 1884 2557 N

262 2585 284 2619 4
317 2575 478 2632 quoire
509 2576 574 2619 Νι
701 2584 725 2619 9
755 2575 940 2620 utilitas
973 2580 1003 2618 0
1036 2589 1150 2621 corr.
1182 2576 1239 2619 1²³
1365 2584 1408 2618 11
1440 2576 1527 2629 hoc
1560 2579 1591 2617 P
1694 2574 1884 2632 potissi-

187 2650 315 2679 mum
348 2640 384 2679 G
477 2637 550 2679 est
579 2635 668 2679 hoc
700 2649 774 2692 op.
805 2640 838 2678 P
943 2644 989 2678 12
1020 2635 1179 2679 uolam
1209 2639 1249 2678 N
1279 2633 1496 2678 uolebam
1528 2634 1630 2677 11³0
1736 2643 1782 2677 13
1815 2634 1882 2677 di-

188 2709 288 2740 cem
327 2695 393 2752 (iu
423 2698 499 2751 ss.)
529 2699 569 2738 N
702 2703 749 2738 15
781 2695 850 2738 nil
891 2694 953 2737 1³¹
1086 2696 1184 2738 tam
1218 2694 1374 2750 dignis
1407 2694 1469 2736 Nl
1605 2702 1653 2736 2ο
1684 2693 1819 2737 nobis
1853 2698 1882 2735 0

186 2769 298 2799 corr.
331 2754 457 2797 N⁸P⁸
584 2763 631 2797 22
663 2754 810 2799 bonos
841 2754 998 2811 plures
1031 2755 1153 2812 Wsy.
1261 2753 1398 2797 iubat
1427 2753 1536 2795 NlR.
1664 2761 1711 2795 23
1745 2752 1886 2797 cadat

189 2833 264 2871 GP
363 2827 598 2873 Ciceronis
629 2833 663 2871 1²
760 2836 809 2871 25
842 2829 1024 2872 sextum
1055 2828 1159 2871 N³P
1185 2814 1240 2871 {st‘
1266 2829 1339 2884 (=
1365 2828 1490 2884 sunt)
1525 2831 1559 2870 G
1657 2835 1703 2869 27
1738 2826 1884 2882 quod-

188 2888 298 2930 dam
328 2887 390 2930 Nl
534 2897 582 2931 29
613 2887 819 2944 inpodiri
851 2888 979 2944 (imp.
1005 2889 1053 2942 P)
1089 2891 1119 2930 0
1151 2901 1264 2932 corr.
1299 2887 1409 2942 Lps.
1449 2885 1624 2943 impuri
1658 2887 1789 2931 Pinc.
1853 2927 1855 2930 .

188 2946 478 2991 denotabant
513 2948 646 2993 Gertz
681 2947 853 2991 deuota
883 2947 996 2991 boni
1029 2951 1059 2989 0
1093 2946 1367 2991 devitabant
1394 2946 1506 3002 Lps.
