2020 3132
457 125 540 172 DE
571 124 920 172 CLmOENTIA
950 124 1063 171 ΗΒ.
1093 124 1116 169 1
1146 123 1275 171 GAP.
1308 129 1379 171 11.
1412 129 1467 170 12
1705 125 1812 178 227

193 263 490 319 Clementia
528 281 656 335 ergo
696 281 807 317 non
846 265 1059 317 tantum
1097 261 1433 316 honestiores
1464 262 1557 316 sed
1588 262 1816 316 tutiores
1846 277 1875 316 4

120 343 357 409 praestat
396 341 877 408 ornamentumque
923 337 1254 409 inperiorum
1302 339 1384 390 est
1422 336 1588 391 simul
1623 340 1677 390 et
1709 355 1817 391 eer-

118 414 328 468 tissima
367 413 526 468 salus.
589 412 731 477 Quid
770 414 914 466 enim
954 415 1058 482 est,
1096 430 1191 467 cur
1236 429 1391 483 reges
1438 411 1819 467 consenuerint

118 489 410 558 liberisque
450 507 512 542 ac
549 487 839 558 nepotibus
877 486 1197 541 tradiderint
1234 505 1423 558 regna,
1462 489 1817 557 tyrannorum

74 588 94 621 ε
118 563 435 617 execrabilis
475 580 540 617 ac
578 562 757 617 brevis
797 565 1039 632 potestas
1078 561 1185 615 sit?
1233 560 1375 625 Quid
1413 562 1640 615 interest
1677 562 1819 615 inter

119 643 410 708 tyrannum
434 655 496 692 ac
519 654 701 708 regem
725 636 955 709 (species
980 636 1123 690 enim
1149 637 1267 706 ipsa
1297 637 1547 690 fortunae
1571 655 1633 690 ac
1655 638 1819 691 licen-

118 714 197 766 tia
227 731 324 783 par
354 712 485 784 est),
515 712 619 766 nisi
653 712 799 782 quod
836 712 1056 782 tyranni
1095 712 1153 765 in
1190 710 1525 781 voluptatem
1558 711 1819 782 saeviunt,

118 804 272 858 reges
303 805 411 841 non
443 787 550 840 nisi
582 805 648 840 ex
678 804 842 841 causa
872 804 934 840 ac
965 787 1321 840 necessitate?

195 861 356 926 ‘Quid
406 862 575 933 ergo?
637 879 749 915 non
806 879 959 932 reges
1018 878 1234 931 quoque
1293 860 1536 915 occidere
1590 860 1820 915 solent?'
1849 876 1872 917 1
1907 872 1990 917 XII

53 962 97 995 ιο
120 935 225 991 Sed
257 937 507 1006 quotiens
540 936 596 989 id
620 936 738 990 fieri
760 935 979 1005 publica
1001 936 1211 989 utilitas
1235 935 1546 1007 persuadet;
1578 935 1822 1006 tyrannis

119 1010 345 1065 saevitia
374 1011 523 1065 cordi
555 1014 653 1064 est.
700 1010 986 1081 Tyrannus
1018 1013 1200 1063 autem
1233 1029 1265 1063 a
1294 1027 1419 1081 rege
1451 1010 1609 1063 factis
1642 1011 1824 1080 distat,

117 1104 230 1140 non
266 1086 508 1157 nomine3
547 1104 673 1139 nam
713 1088 768 1138 et
805 1085 1104 1154 Dionysius
1146 1084 1317 1139 maior
1355 1086 1472 1138 iure
1519 1086 1824 1156 meritoque

121 1160 379 1231 praeferri
409 1160 596 1214 multis
628 1160 851 1231 regibus
881 1163 1077 1230 potest,
1111 1163 1166 1213 et
1196 1159 1257 1213 L.
1291 1158 1498 1214 Sullam
1530 1163 1821 1230 tyrannum

119 1235 380 1305 adpellari
412 1235 542 1305 quid
573 1235 840 1305 prohibet,
873 1235 960 1288 cui
985 1234 1262 1289 occidendi
1285 1235 1448 1288 finem
1479 1235 1610 1289 fecit
1640 1235 1826 1306 inopia

53 1335 95 1369 ιι
121 1309 399 1364 hostium?
450 1309 801 1364 Descenderit
837 1310 966 1363 licet
997 1328 1026 1362 e
1060 1309 1331 1363 dictatura
1362 1327 1458 1364 sua
1490 1315 1545 1362 et
1577 1328 1634 1363 se
1664 1313 1825 1382 togae
1857 1330 1883 1370 2

121 1384 434 1455 reddiderit,
481 1385 603 1456 quis
650 1388 831 1437 tamen
879 1402 1136 1454 umquam
1182 1387 1445 1455 tyrannus
1500 1387 1613 1438 tam
1669 1385 1826 1439 avide

121 1458 419 1514 humanum
450 1461 768 1531 sanguinem
800 1458 943 1512 bibit
975 1477 1137 1529 quam
1167 1459 1275 1525 ille,
1308 1459 1402 1529 qui
1435 1463 1642 1530 septem
1674 1460 1827 1513 milia

122 1534 321 1590 civium
345 1534 714 1589 Romanorum
739 1534 1099 1588 contrucidari
1123 1534 1282 1587 iussit
1313 1538 1382 1604 et,
1414 1552 1534 1588 cum
1560 1535 1616 1588 in
1650 1534 1825 1589 vicino

122 1609 190 1663 ad
228 1610 412 1664 aedem
453 1609 707 1663 Bellonae
746 1609 936 1663 sedens
988 1609 1297 1663 exaudisset
1343 1609 1826 1664 conclamationem

55 1709 101 1743 ,ο
125 1687 210 1738 tot
256 1685 467 1739 milium
512 1684 612 1739 sub
660 1684 842 1755 gladio
961 1677 1245 1755 mentium,
1299 1685 1557 1739 exterrito
1612 1688 1824 1739 senatu:

127 1758 267 1813 ‘Hoc
297 1759 759 1831 agamus’·inquit,
785 1758 862 1812 Ῥ.
888 1702 968 1830 (ἐς
1000 1758 1244 1812 seditiosi
1276 1759 1496 1830 pauculi
1527 1776 1647 1813 meo
1681 1761 1829 1814 iussu

126 1834 504 1888 occiduntur'?
549 1833 670 1887 Hoc
699 1852 811 1887 non
841 1837 924 1888 est
962 1834 1246 1906 mentitus;
1278 1834 1435 1903 pauci
1477 1833 1658 1888 Sullae
1689 1835 1832 1889 vide-

127 1907 335 1964 bantur.
401 1907 506 1962 Sed
546 1928 672 1963 mox
714 1908 778 1963 de
818 1907 996 1978 Sulla,
1028 1927 1149 1963 cum
1183 1927 1524 1980 quaeremus,
1557 1910 1831 1979 quomodo
1866 1930 1892 1969 3

127 1982 375 2037 hostibus
420 1983 756 2037 irascendum
804 1984 898 2052 sit,
953 1984 1144 2053 utique
1191 1983 1238 2038 si
1286 1984 1341 2037 in
1389 1983 1587 2038 hostile
1632 2002 1832 2039 nomen

59 2083 103 2117 a
129 2058 272 2112 cives
303 2063 359 2113 et
389 2077 454 2113 ex
485 2058 672 2112 eodem
706 2076 929 2129 corpore
970 2058 1186 2129 abrupti
1225 2059 1562 2130 transierint3
1601 2060 1843 2146 interim,

204 2261 224 2296 ι
255 2251 337 2297 aed
369 2252 513 2297 etiam
539 2257 566 2295 8
686 2251 891 2297 tucior-eu
915 2258 942 2296 8
974 2252 1169 2298 totiores
1193 2256 1279 2297 ΠΒ
1309 2253 1514 2311 potiores
1540 2257 1572 2297 0
1694 2261 1718 2296 s
1749 2253 1836 2298 im·

130 2310 313 2370 piorum
344 2315 426 2356 Ar
575 2319 601 2356 ⁸
643 2311 791 2371 salua]
836 2311 908 2356 lua
939 2316 979 2356 B
1021 2311 1100 2356 lux
1145 2318 1172 2356 Β
1322 2326 1405 2358 cur
1438 2314 1622 2359 Gronov
1666 2327 1772 2358 oum
1805 2317 1837 2358 0

135 2371 301 2432 (eur.)
333 2385 440 2416 cum
472 2372 587 2418 Bar.
709 2371 950 2417 senuerint
980 2375 1017 2415 A
1144 2381 1168 2416 4
1200 2372 1272 2431 ac]
1306 2386 1392 2418 nec
1422 2372 1484 2416 Β*
1604 2380 1628 2417 ⁶
1660 2372 1724 2418 sit
1753 2377 1839 2417 RB

132 2434 206 2476 eet
237 2435 269 2476 0
390 2440 416 2475 0
446 2432 523 2491 ac]
554 2434 602 2477 et
625 2431 809 2475 Anus
931 2431 1047 2489 Spe·
1071 2437 1098 2476 0
1221 2441 1241 2475 ‘1
1275 2433 1325 2477 ni
1355 2433 1481 2490 quod
1513 2437 1552 2476 R
1673 2431 1839 2492 uolup-

132 2494 232 2536 tate
265 2493 468 2549 (-untate
500 2494 545 2548 0)
578 2494 647 2536 08
676 2497 792 2537 recte
822 2491 918 2537 cod.
939 2493 1072 2538 Pinc.
1195 2492 1408 2546 seruiunt
1437 2497 1471 2536 P
1590 2501 1616 2536 0
1645 2492 1838 2549 fortasse

134 2550 333 2597 soleutv’
362 2550 610 2611 (Solent)
644 2550 743 2605 sed,
774 2552 857 2607 cfr.
877 2565 926 2621 p.
952 2554 1110 2607 20,ae
1124 2566 1187 2610 sq.
1309 2561 1352 2596 ιι
1378 2551 1517 2597 factis
1547 2552 1619 2597 dis
1652 2553 1735 2610 (sic
1764 2567 1839 2599 ex·

134 2617 268 2658 eunte
296 2615 446 2669 veroa)
476 2615 564 2655 11
594 2610 744 2656 distat
774 2609 913 2656 sactis
946 2615 978 2655 0
1122 2620 1167 2656 ιε
1198 2611 1387 2657 homine
1417 2617 1450 2656 1.
1602 2620 1649 2657 18
1680 2614 1840 2669 tyran-

137 2685 249 2716 num
279 2675 319 2715 1¹
349 2685 435 2717 on.
469 2674 502 2715 0
639 2679 684 2715 ιι
716 2669 830 2715 licet
860 2673 968 2729 post
998 2671 1152 2716 edicta
1181 2672 1288 2717 iura
1316 2677 1350 2717 1.
1486 2680 1533 2716 ιο
1564 2672 1773 2718 redderit
1802 2677 1841 2717 1¹

211 2739 255 2775 ιτ
289 2730 414 2776 uiuit
442 2735 481 2775 1
602 2738 649 2775 ιε
679 2730 1034 2776 contrucitaturi
1066 2733 1188 2777 rasis
1219 2734 1270 2777 tu
1302 2736 1341 2776 Π
1373 2731 1602 2777 trucidari
1634 2736 1669 2776 A
1792 2732 1840 2778 in

136 2790 256 2837 uitio
286 2795 320 2835 1.
465 2799 511 2836 ιο
542 2789 689 2836 concl.
723 2794 762 2834 Ι
802 2789 1191 2837 exclamationem
1226 2795 1258 2836 0
1402 2800 1452 2837 ιο
1483 2791 1659 2851 gaudio
1691 2796 1731 2836 11

138 2859 184 2895 n
216 2850 332 2896 haec
362 2856 396 2895 1.
542 2850 726 2910 agimu·
758 2852 796 2893 A
940 2852 1012 2909 ᾗ.
1045 2855 1173 2896 ur
1206 2850 1331 2895 R·P·
1359 2855 1396 2895 A
1534 2851 1659 2897 iusso
1690 2856 1731 2896 11

137 2918 188 2955 η
217 2909 335 2957 haec
356 2915 391 2956 1.
512 2918 561 2956 η
585 2910 664 2970 de]
695 2908 778 2955 ille
802 2914 839 2954 A
870 2909 929 2955 de
962 2909 1094 2956 Sulla
1116 2912 1200 2958 del.
1219 2912 1330 2969 142⁸.
1453 2925 1841 2970 consequeremus

140 2973 226 3015 18
257 2983 594 3029 consequemur
616 2974 649 3015 0
681 2984 785 3015 eum
818 2970 1058 3029 sequimur
1080 2976 1114 3016 1·
1143 2985 1259 3018 corr.
1284 2972 1383 3031 My.
1537 2981 1586 3016 ss
1617 2972 1773 3018 abruti
1805 2978 1845 3016 B
1918 2991 1921 2994 ⁴

0 3059 13 3132 Ι
1488 3049 1572 3093 15*
