2020 3132
32 543 157 586 XXII

187 105 260 155 40
666 96 668 98 ’
725 103 772 145 L.
808 101 1044 144 ANNAEI
1075 101 1348 147 SENECAE

189 240 402 308 sulariS,
433 240 596 291 homo
630 238 867 291 eiusdem
898 238 1172 307 infamiae,
1204 239 1461 292 maiorem
1494 258 1755 294 summam
1791 243 1884 294 mi-

189 315 346 367 sisset
378 315 721 381 instaretque,
752 315 811 364 ut
836 312 1006 381 accipi
1029 312 1258 366 iuberet:
1293 314 1488 384 ‘Rogo'
1514 315 1691 384 inquit
1718 317 1885 386 ‘igno-

189 406 329 458 scas3
361 391 414 439 et
446 407 476 439 a
508 387 724 440 Persico
764 405 875 439 non
914 386 1130 455 accepi.’
1187 387 1384 440 Utrum
1415 388 1520 442 hoc
1551 409 1773 443 munera
1805 409 1887 444 ac-

188 464 362 531 cipere
396 465 478 514 est
508 480 576 514 an
607 463 851 514 senatum
881 461 1095 531 legere?

266 536 400 589 Cum
433 535 802 605 accipiendum
846 535 1280 604 iudicaverimuS,
1322 535 1518 590 hilares
1562 539 1886 608 accipiamus
1933 563 1952 595 5

187 612 501 680 profitentes
534 610 803 681 gaudium,
830 613 882 662 et
906 610 961 663 id
994 609 1142 663 danti
1175 611 1521 664 manifestum
1549 614 1633 682 sit,
1658 617 1719 666 ut
1746 616 1885 667 fruc-

186 690 302 738 tum
348 688 681 755 praesentem
732 684 930 754 capiat,
978 685 1119 737 iusta
1158 686 1300 738 enim
1342 703 1499 739 causa
1538 687 1775 741 laetitiae
1807 692 1888 742 est

186 762 386 813 laetum
437 759 667 813 amicum
700 759 896 828 videre,
941 759 1136 812 iustior
1175 760 1386 829 fecisse,
1434 779 1593 830 quam
1637 766 1785 833 grate
1822 763 1885 815 ad

186 853 284 888 nos
317 834 622 904 pervenisse
666 833 964 886 indicemus
1005 834 1187 886 effusis
1235 834 1554 905 adfectibus,
1603 855 1738 906 quos
1777 856 1884 890 non

187 910 304 979 ipso
349 912 558 962 tantum
604 908 853 960 audiente
897 908 989 960 sed
1031 908 1233 977 ubique
1275 911 1549 963 testemur.
1599 911 1702 974 Qui
1735 916 1885 982 grate
1911 936 1952 967 ιο

185 984 502 1037 beneficium
535 983 745 1052 accipit,
776 983 1004 1052 primam
1037 983 1149 1036 eius
1183 984 1493 1052 pensionem
1527 985 1703 1039 solvit.

0 1064 146 1107 XXIH
175 1070 196 1108 1
264 1057 402 1110 Sunt
434 1057 666 1127 quidam,
699 1060 790 1126 qui
821 1057 999 1110 nolint
1022 1058 1130 1110 nisi
1162 1062 1365 1112 secreto
1398 1059 1659 1130 accipere3
1690 1064 1881 1114 testem

186 1133 429 1185 beneficii
462 1137 515 1185 et
546 1133 818 1185 conscium
851 1132 1046 1202 vitant3
1080 1150 1214 1201 quos
1248 1133 1383 1186 scias
1414 1134 1542 1187 licet
1569 1135 1706 1187 male
1740 1136 1882 1207 cogi-

186 1212 314 1260 tare.
363 1206 643 1270 Quomodo
678 1206 826 1259 danti
858 1207 912 1258 in
945 1209 1154 1259 tantum
1196 1208 1538 1276 producenda
1568 1210 1771 1263 'notitia
1802 1213 1882 1263 est

186 1283 421 1335 muneris
455 1282 561 1350 sui,
602 1280 658 1334 in
691 1283 950 1350 quantum
985 1281 1307 1334 delectatum
1341 1285 1444 1352 est,
1477 1283 1562 1335 cui
1596 1284 1776 1351 datur,
1808 1286 1885 1338 ita
1911 1307 1951 1339 ιο

188 1356 474 1426 accipienti
507 1355 807 1408 adhibenda
841 1355 1020 1407 contio
1055 1359 1158 1425 est,
1199 1357 1341 1425 quod
1374 1358 1540 1427 pudet
1573 1359 1786 1425 debere,
1817 1378 1883 1412 ne

187 1433 468 1500 acceperis.
519 1429 746 1493 Quidam
778 1430 976 1483 furtive
1010 1431 1210 1501 gratias
1244 1435 1412 1502 agunt
1436 1433 1567 1485 etin
1601 1435 1798 1504 angulo
1832 1438 1886 1487 et

185 1507 251 1559 ad
283 1524 488 1572 aurem3
519 1524 630 1558 non
662 1508 743 1558 est
774 1505 878 1558 ista
909 1506 1239 1576 verecundia,
1273 1507 1364 1559 sed
1396 1507 1658 1560 infitiandi
1694 1527 1885 1579 genus3

187 1581 429 1651 ingratus
465 1583 561 1648 est,
593 1580 686 1648 qui
717 1579 940 1632 remotis
980 1579 1197 1633 arbitris
1238 1582 1350 1651 agit
1390 1583 1606 1652 gratias
1655 1583 1882 1646 Quidam

187 1657 379 1708 nolunt
424 1655 642 1707 nomina
675 1672 854 1707 secum
889 1655 1005 1707 fieri
1044 1673 1143 1708 nec
1188 1655 1459 1725 interponi
1506 1658 1747 1726 pararios
1785 1677 1885 1712 nec
1910 1679 1952 1710 20

187 1729 486 1801 signatores
531 1729 799 1797 advocari,
842 1730 931 1783 vix
973 1729 1389 1800 chirographum
1436 1731 1583 1801 dare,
1627 1732 1766 1785 idem
1808 1734 1884 1786 fa-

186 1804 350 1873 ciunt,
384 1805 477 1873 qui
501 1803 630 1856 dant
656 1822 889 1872 operam,
919 1807 982 1856 ut
1013 1804 1331 1858 beneficium
1356 1805 1410 1858 in
1436 1805 1582 1874 ipsos
1611 1808 1882 1860 conlatum

187 1898 347 1948 quam
387 1878 788 1949 ignotissimum
830 1879 914 1931 sit.
963 1877 1233 1932 Verentur
1271 1881 1448 1949 palam
1488 1881 1644 1950 ferre,
1689 1884 1750 1934 ut
1789 1901 1884 1935 sua

185 1955 365 2022 potius
390 1954 592 2007 virtute
617 1971 778 2022 quam
805 1953 978 2006 alieno
1011 1953 1278 2006 adiutorio
1311 1955 1583 2008 consecuti
1614 1955 1883 2026 dicantur,

187 2028 413 2081 rariores
448 2029 504 2082 in
536 2046 722 2080 eorum
756 2027 951 2081 officiis
984 2031 1123 2097 sunt,
1158 2029 1354 2098 quibus
1385 2031 1551 2082 vitam
1586 2034 1679 2084 aut
1710 2030 1881 2102 digni·
1908 2053 1949 2085 25

186 2106 351 2156 tatem
378 2102 588 2171 debent,
621 2106 687 2171 et,
722 2102 848 2155 dum
882 2101 1190 2172 opinionem
1222 2103 1498 2157 clientium
1525 2105 1734 2174 timent,
1765 2125 1882 2176 gra-

185 2178 390 2230 viorem
426 2177 658 2230 subeunt
689 2177 1039 2247 ingratorum.

0 2258 146 2302 XXIV
174 2263 194 2301 1
260 2250 372 2304 Alii
404 2252 636 2321 pessime
675 2252 928 2304 locuntur
961 2251 1024 2305 de
1064 2253 1268 2321 optime
1307 2253 1528 2306 meritis
1577 2254 1767 2307 Tutius
1802 2258 1883 2307 est

186 2327 446 2395 quosdam
482 2326 748 2379 offendere
774 2345 935 2395 quam
961 2326 1306 2395 demeruisse3
1338 2331 1712 2398 argumentum
1739 2329 1878 2382 enim

185 2401 322 2452 nihil
357 2401 663 2454 debentium
699 2401 821 2453 odio
857 2405 1140 2469 quaerunt:
1173 2402 1324 2470 atqui
1355 2402 1491 2455 nihil
1529 2404 1699 2474 magis
1732 2422 1875 2472 prae·
1906 2426 1949 2458 30

259 2527 281 2560 3
316 2518 467 2575 accipi
498 2519 614 2561 N¹M
728 2527 750 2561 5
782 2518 947 2562 hilaris
978 2519 1039 2562 Ηι
1155 2529 1173 2562 7
1207 2520 1468 2564 laetitiaest
1497 2521 1559 2563 Nl
1672 2529 1695 2563 8
1729 2520 1880 2574 Quare

189 2578 322 2623 Gertz
442 2587 466 2621 9
499 2578 758 2622 iudicemus
790 2583 966 2622 RGMP
1073 2594 1189 2636 quos
1221 2585 1274 2625 ut
1303 2581 1395 2625 vid.
1428 2585 1467 2623 Ν
1498 2593 1590 2635 quo
1623 2584 1653 2622 0
1687 2579 1812 2636 quod
1844 2585 1880 2622 V

259 2646 304 2680 10
336 2637 440 2693 ipsa
472 2642 516 2680 M
630 2646 671 2680 11
704 2638 887 2694 accipet
918 2638 980 2680 Nl
1011 2639 1196 2695 accepit
1225 2643 1262 2681 V
1383 2648 1429 2682 12
1460 2638 1614 2683 nolint
1645 2644 1684 2681 N
1714 2639 1880 2684 nolunt

182 2696 284 2738 N20
413 2705 459 2739 14
493 2696 747 2741 Commoda
780 2703 814 2741 G
941 2707 986 2741 15
1019 2712 1124 2742 eum
1157 2698 1232 2742 cui
1264 2717 1299 2742 ω
1428 2707 1474 2742 16
1507 2698 1713 2743 conditio
1746 2703 1791 2741 M

184 2764 227 2798 17
255 2756 482 2812 acciperis
514 2761 553 2799 N
645 2759 792 2814 agunt
822 2773 890 2814 gr.
919 2762 994 2801 GP
1086 2766 1132 2801 18
1163 2758 1403 2802 inficiendi
1434 2758 1544 2801 MPl
1638 2767 1686 2801 2ο
1718 2757 1880 2802 volunt

183 2816 315 2860 Pinc.
408 2825 453 2858 21
487 2816 713 2860 aduexari
743 2821 788 2859 M
879 2816 958 2860 vix
984 2819 1090 2862 add.
1109 2819 1263 2862 Havet
1291 2832 1377 2862 nec
1401 2823 1439 2861 V
1471 2817 1634 2861 volunt
1649 2818 1880 2862 Rossbach

184 2876 266 2918 sed
298 2876 398 2932 My.
433 2876 504 2919 ch.
538 2875 793 2934 (tantum)
830 2877 964 2922 Gertz
1092 2886 1140 2920 22
1173 2876 1451 2921 collocatum
1487 2882 1522 2919 G
1650 2886 1697 2919 25
1727 2877 1877 2920 uitam

183 2935 277 2979 cod.
298 2935 471 2979 Fram.
490 2937 622 2980 Pinc.
657 2941 699 2981 et
721 2941 758 2978 V
790 2936 887 2979 iam
921 2940 951 2978 0
1084 2946 1129 2979 27
1163 2937 1454 2994 ingratorum
1487 2936 1674 2993 culpam
1705 2941 1749 2979 Μ
