2020 3132
494 69 575 115 DE
605 68 941 115 BENEFICIIS
970 68 1082 115 LIB.
1112 68 1176 114 VI
1208 68 1334 113 CAP.
1369 74 1409 114 3.
1443 74 1471 113 4
1732 68 1834 122 147

215 208 460 262 ‘Fateris'
491 207 671 276 inquit
688 208 822 261 '‘nos
846 206 1135 276 aliquando
1159 206 1478 260 beneficium
1505 224 1616 260 non
1645 207 1838 261 debere
1872 216 1894 255 1
1929 210 1990 257 IV

138 284 204 353 ei,
246 302 278 336 a
320 301 427 353 quo
471 281 795 353 accepimu83
842 299 970 353 ergo
1014 284 1256 351 ereptum
1301 282 1415 334 est?
1480 281 1655 337 Multa
1697 286 1838 352 sunt,

137 362 360 428 propter
382 376 517 427 quae
542 356 860 410 beneficium
886 355 1078 410 debere
1104 356 1416 426 desinimuS,
1447 374 1555 409 non
1590 358 1718 427 quia
1749 357 1838 411 ab·

137 434 308 487 latum
340 433 432 486 sed
465 431 591 502 quia
623 435 938 500 corruptum
970 433 1066 484 est.
1113 429 1330 500 Aliquis
1361 449 1512 484 reum
1546 451 1630 486 me
1664 432 1839 486 defen-

0 521 2 533 *
96 532 115 563 ⁵
142 508 239 575 dit,
270 507 364 561 sed
387 525 611 560 uxorem
637 525 812 560 meam
838 525 935 576 per
958 506 1068 559 vim
1093 508 1282 576 stupro
1307 506 1553 559 violavit:
1584 525 1694 560 non
1724 507 1841 561 abs-

0 589 2 645 }
143 582 271 635 tulit
292 582 629 646 beneficium,
661 581 754 635 sed
786 581 1107 651 obponendo
1142 580 1224 634 illi
1247 598 1431 650 parem
1456 581 1711 636 iniuriam
1735 582 1842 635 sol-

0 661 2 711 l
143 659 222 710 vit
252 676 339 710 me
372 656 576 726 debito,
615 660 691 724 et,
731 656 778 708 si
816 657 940 725 plus
969 656 1146 724 laesit,
1187 674 1348 725 quam
1388 659 1512 711 ante
1549 657 1844 727 profuerat,

0 722 4 824 ξ
142 750 252 784 non
283 735 496 784 tantum
528 732 704 800 gratia
736 730 1088 801 extinguitur,
1121 730 1213 783 sed
1237 730 1530 786 ulciscendi
1565 731 1844 801 querendi-

143 825 247 875 que
277 805 499 859 libertas
531 807 617 874 fit,
656 806 750 858 ubi
790 806 844 857 in
879 806 1263 874 conparatione
1305 805 1553 859 beneficii
1583 825 1844 876 praepon-

0 890 5 939 ἶ
77 906 121 938 ιο
145 881 352 934 deravit
391 879 610 949 iniuria3
657 880 733 932 ita
763 897 875 932 non
904 881 1147 932 aufertur
1179 880 1520 950 beneficium,
1560 882 1649 934 sed
1682 882 1846 935 vinci-

1 951 6 1010 ἲ
145 959 248 1008 tur.
289 953 466 1018 Quid?
498 972 606 1007 non
631 958 742 1007 tam
770 954 889 1007 duri
916 954 1134 1023 quidam
1166 957 1219 1007 et
1250 958 1359 1008 tam
1387 956 1633 1009 Scelerati
1664 959 1845 1027 patres
1878 969 1904 1008 2

4 1021 5 1026 ¹
145 1033 295 1099 sunt,
332 1033 395 1083 ut
433 1031 558 1083 illos
598 1029 830 1082 aversari
871 1032 926 1082 et
957 1029 1163 1082 eiurare
1202 1029 1287 1082 ius
1318 1030 1508 1099 fasque
1541 1029 1648 1084 sit?
1695 1050 1847 1084 num-

0 1069 6 1146 i
146 1105 273 1174 quid
307 1123 435 1176 ergo
467 1103 545 1158 illi
579 1103 934 1173 abstulerunt,
978 1122 1114 1173 quae
1146 1104 1438 1158 dederant?
1483 1106 1722 1176 minime,
1755 1107 1864 1160 sed⁴

145 1180 375 1249 inpietas
407 1180 749 1248 sequentium
789 1182 1093 1248 temporum
1136 1180 1638 1241 conmendationem
1671 1181 1848 1235 omnis

83 1279 126 1312 ιε
150 1255 347 1326 prioris
372 1254 539 1307 officii
564 1254 797 1306 sustulit.
833 1252 959 1307 Non
985 1253 1306 1307 beneficium
1330 1255 1558 1326 tollitur,
1584 1257 1674 1309 sed
1693 1256 1850 1310 bene-
1895 1280 1898 1283 ·

149 1329 256 1383 ficii
290 1329 479 1400 gratia,
511 1331 567 1381 et
597 1328 845 1398 efficitur,
876 1346 983 1381 non
1014 1347 1083 1382 ne
1114 1328 1357 1399 habeam,
1390 1330 1484 1384 sed
1514 1349 1580 1384 ne
1613 1331 1849 1384 debeam.

147 1403 445 1473 Tamquam
478 1404 759 1474 pecuniam
802 1403 997 1472 aliquis
1030 1403 1166 1456 mihi
1210 1404 1457 1470 credidit,
1498 1405 1590 1459 sed
1630 1406 1849 1459 domum

148 1497 323 1532 meam
354 1478 615 1532 incendit:
646 1482 927 1547 pensatum
962 1482 1044 1532 est
1068 1478 1329 1532 creditum
1357 1480 1576 1552 damn03
1606 1500 1705 1534 nec
1736 1481 1850 1535 red-

148 1553 259 1607 didi
293 1553 391 1623 illi,
420 1571 518 1607 nec
549 1557 727 1606 tamen
753 1554 935 1607 debeo,
975 1552 1183 1607 Eodem
1216 1555 1377 1608 modo
1410 1559 1464 1608 et
1493 1555 1599 1625 hic,
1631 1557 1725 1627 qui
1757 1556 1850 1609 ali-
1884 1568 1909 1608 3

82 1653 126 1686 zo
151 1627 281 1698 quid
313 1627 547 1699 benigne
578 1628 830 1682 adversus
874 1646 958 1682 me
990 1629 1133 1698 fecit,
1172 1629 1376 1700 aliquid
1409 1630 1719 1702 liberaliter,
1759 1631 1850 1686 sed

151 1707 341 1773 postea
378 1704 550 1756 multa
582 1703 833 1773 superbe,
872 1704 1281 1773 contumeliose,
1321 1705 1631 1775 crudeliter,
1670 1724 1733 1759 eo
1766 1725 1851 1758 me

147 1778 269 1832 loco
301 1778 501 1847 posuit,
538 1782 600 1831 ut
631 1778 857 1848 proinde
886 1778 1024 1832 liber
1054 1779 1307 1832 adversus
1341 1799 1462 1832 eum
1496 1799 1680 1848 essem,
1715 1798 1775 1834 ac
1806 1780 1850 1833 si

147 1851 286 1906 nihil
318 1854 666 1923 accepissem3
710 1854 817 1906 vim
853 1853 1129 1908 beneficiis
1169 1856 1281 1908 suis
1321 1855 1531 1909 adtulit.
1586 1855 1848 1909 Colonum
1883 1869 1911 1907 4

150 1944 306 1981 suum
338 1946 449 1981 non
479 1931 627 1981 tenet
659 1928 904 1997 quamvis
936 1928 1150 1982 tabellis
1182 1929 1539 1996 manentibuS,
1580 1931 1672 2000 qui
1706 1949 1852 2002 sege-

82 2026 127 2059 ιο
152 2005 258 2055 tem
294 2002 411 2055 eins
442 2002 791 2071 proculcavit,
824 2003 916 2072 qui
951 2003 1179 2057 succidit
1211 2004 1445 2075 arbusta,
1475 2024 1586 2060 non
1619 2006 1745 2074 quia
1775 2024 1854 2059 re-

151 2077 310 2147 cepit,
341 2077 485 2146 quod
510 2077 803 2148 pepigerat,
835 2078 926 2131 sed
960 2078 1102 2149 quia,
1134 2096 1200 2131 ne
1223 2081 1498 2151 reciperet,
1532 2081 1722 2134 effecit.
1765 2079 1854 2134 Sic

152 2150 382 2205 debitori
422 2169 519 2205 suo
553 2152 786 2205 creditor
825 2170 981 2223 saepe
1014 2152 1321 2224 damnatur,
1360 2156 1453 2208 ubi
1497 2157 1619 2225 plus
1653 2174 1716 2209 ex
1750 2156 1855 2208 alia

152 2244 316 2280 causa.
344 2225 587 2295 abstulit,
619 2245 778 2296 quam
814 2246 878 2280 ex
903 2227 1090 2281 crediti
1117 2229 1268 2298 petit.
1308 2228 1436 2283 Non
1467 2233 1677 2283 tantum
1714 2230 1854 2283 inter
1886 2245 1911 2284 5

152 2300 469 2354 creditorem
510 2305 564 2354 et
596 2301 892 2355 debitorem
927 2301 1087 2356 iudex
1120 2303 1290 2373 sedet,
1331 2305 1424 2374 qui
1465 2304 1627 2359 dicat:
1670 2305 1850 2358 ‘Pecu-

84 2400 129 2433 ιο
154 2376 294 2429 niam
330 2374 618 2429 credidisti.
669 2374 808 2439 Quid
841 2395 969 2448 ergo
1003 2379 1123 2431 est?
1163 2396 1327 2448 pecus
1359 2378 1606 2451 abegisti,
1639 2398 1851 2434 servum

227 2502 251 2537 a
283 2492 433 2539 benef.
470 2493 581 2538 dare
614 2497 691 2538 GP
841 2503 866 2538 8
897 2495 1201 2553 extinguntur
1230 2501 1270 2540 B
1421 2497 1706 2543 ulciscentur
1738 2504 1764 2542 Β

150 2562 177 2596 ο
208 2553 271 2598 sit
302 2552 496 2598 libertas
528 2553 576 2598 in
609 2553 708 2610 (ubi
734 2557 837 2611 om.)
862 2560 889 2599 8
1011 2555 1287 2601 beneficium
1322 2557 1422 2601 G¹P
1541 2560 1803 2616 praeponat
1828 2563 1854 2601 8

228 2621 270 2656 ιι
302 2613 491 2670 quidem
525 2616 574 2659 et
597 2614 656 2657 8¹
780 2623 826 2659 12
857 2616 907 2659 et
937 2614 1117 2660 euitare
1142 2620 1177 2659 G
1298 2625 1344 2661 ιε
1376 2617 1519 2675 priori
1545 2622 1583 2661 B
1703 2626 1750 2662 ιο
1774 2618 1855 2663 sed

152 2685 246 2717 non
276 2677 311 2717 P
441 2681 486 2717 17
520 2676 760 2730 tamquam
792 2688 876 2721 om.
912 2681 939 2719 8
1072 2683 1117 2719 18
1147 2690 1206 2721 ne
1239 2676 1418 2721 credidi
1449 2678 1509 2721 11¹
1543 2691 1634 2722 non
1666 2677 1796 2723 redd.
1829 2683 1855 2721 8

229 2741 275 2777 19
305 2733 420 2789 quia
451 2732 601 2790 liquid
635 2738 671 2778 G
709 2734 821 2791 quia
853 2734 911 2780 al.
947 2735 1046 2780 0³0
1180 2745 1231 2779 20
1263 2737 1379 2781 facit
1408 2741 1441 2780 P
1574 2746 1617 2781 ει
1651 2750 1706 2783 eo
1738 2738 1858 2797 (slset

154 2796 207 2849 Β)
238 2791 342 2838 loco
374 2806 449 2837 me
481 2797 558 2837 GP
694 2803 743 2838 28
773 2794 968 2851 perinde
1002 2796 1230 2841 Erasmus
1363 2810 1417 2841 ac
1451 2797 1489 2841 si
1523 2797 1669 2842 nichil
1700 2801 1740 2841 N
1770 2811 1856 2843 om.

154 2855 193 2896 Β
224 2851 336 2898 licet
366 2857 443 2897 01³
577 2861 628 2897 8⁸
660 2854 837 2911 recepit
867 2854 925 2911 (it
953 2869 1010 2900 ecc
1041 2857 1144 2900 erat
1173 2861 1225 2901 ut
1257 2856 1366 2914 vid.)
1400 2862 1437 2900 N
1571 2865 1620 2901 ιο
1651 2871 1735 2903 nec
1769 2870 1854 2902 rec.

155 2912 261 2956 1¹1²
402 2921 452 2957 η
484 2913 616 2957 sedet
645 2917 684 2957 ΙΙ
716 2913 796 2958 sed
832 2918 864 2958 0
986 2915 1065 2972 qui
1100 2915 1282 2960 iudicat
1312 2920 1346 2959 P
1495 2927 1546 2961 80
1578 2921 1650 2963 est
1680 2931 1764 2963 om.
1798 2918 1854 2961 0¹
1934 2963 1936 2966 .

1500 2992 1584 3036 10*
