2020 3132
791 129 1132 176 PRAEFATIO
1702 131 1807 176 XIX

97 277 181 336 13,
207 277 273 324 17
300 290 359 322 ex
383 274 644 337 archetypi
665 273 878 323 lectione
893 272 1238 335 inexplicabili
1254 287 1433 334 sparsa
1451 275 1557 322 erat
1570 275 1681 335 aori
1698 287 1805 322 sen-

92 365 201 400 sum
233 350 410 398 elicere
439 348 603 398 voluit
623 352 683 398 M
705 347 949 397 mutando
973 362 1098 409 quae
1120 362 1303 408 sparsa
1327 351 1468 396 erant
1490 348 1610 404 αονί,
1634 347 1803 410 sicque

93 440 184 488 pro
214 424 428 488 integris
458 423 743 487 philosophi
775 421 980 472 vocibus
1005 437 1095 470 sua
1118 423 1326 470 inventa
1350 421 1633 471 venditavit
1660 424 1743 485 19,
1770 423 1800 471 5

94 499 367 548 acrioribus
392 501 478 561 25,
497 499 527 547 5
554 498 614 547 de
636 498 717 547 die
737 499 792 546 in
807 497 937 546 diem
943 497 1240 558 protrahens
1260 498 1345 559 30,
1367 498 1432 545 17
1450 511 1550 546 non
1565 498 1806 546 exaltauit

92 589 144 623 se
164 589 322 635 supra
348 575 435 635 31,
455 574 520 621 16
547 587 645 622 non
670 575 861 621 tantum
883 571 1073 620 dedisse
1099 572 1186 632 33,
1206 573 1272 620 19
1298 573 1546 633 incoquita
1571 574 1657 620 tua
1673 572 1804 620 dona

96 650 183 710 40,
217 651 283 697 27
325 651 634 711 inyratorum
671 648 867 708 culpam
894 647 980 708 64,
1014 648 1080 695 18
1113 648 1318 708 fecerint
1346 660 1580 696 memores
1613 648 1699 708 95,
1732 647 1801 695 23

94 725 368 785 opinionem
385 723 613 771 bonitatis
633 718 714 786 (ex
735 715 828 788 16)
846 721 910 770 al.
953 721 1092 770 Idem
1116 721 1308 770 factum
1333 723 1410 770 est
1431 723 1486 769 in
1509 725 1552 771 P
1577 721 1805 784 aliisque,

95 798 225 847 idem
250 797 303 845 in
319 801 384 858 G,
410 798 552 845 cuius
578 796 740 846 scriba
762 796 925 845 multa
949 811 1067 845 sane
1092 796 1387 860 sagacitatis
1405 797 1681 860 specimina
1697 812 1806 860 spe·

94 872 230 922 ciosa
260 871 412 933 dedit,
442 874 501 920 ut
532 871 751 935 quodam
779 871 1023 919 bonitatis
1055 869 1317 934 splendore
1343 871 1535 920 animos
1560 887 1804 934 quaeren-

93 948 221 996 tium
253 947 448 995 alliciat
476 948 929 1011 praestringatque.
987 945 1083 994 Sed
1115 961 1422 1009 quamquam
1454 946 1640 996 multos
1670 947 1805 995 locos

94 1025 185 1071 aut
220 1023 445 1086 integros
483 1022 537 1069 in
569 1022 842 1084 exemplari
874 1036 962 1069 suo
994 1020 1188 1070 invenit
1220 1023 1310 1068 aut
1338 1023 1471 1070 recte
1504 1021 1719 1083 sanavit,
1749 1023 1807 1069 ut

93 1096 163 1146 ibi
195 1112 308 1145 cum
339 1096 589 1160 prioribus
620 1095 894 1145 editoribus
926 1111 1043 1144 eum
1067 1095 1207 1158 sequi
1230 1111 1332 1144 non
1356 1095 1645 1158 dubitarim,
1668 1097 1808 1147 velut

94 1173 188 1233 24,
223 1174 314 1231 22,
362 1173 450 1232 47,
483 1172 577 1234 28,
626 1172 719 1232 48,
755 1172 846 1234 16,
896 1172 990 1233 24,
1039 1172 1261 1233 50,10,
1322 1171 1408 1233 67,
1445 1172 1537 1234 10,
1587 1172 1678 1234 73,
1715 1172 1806 1234 23,

98 1246 1806 1309 109,16,117,5,118,25,130,11,131,19,144,22,156,1,

98 1322 220 1376 185,
248 1322 342 1383 26,
367 1322 436 1370 27
463 1320 545 1382 al.,
568 1321 682 1370 aliis
705 1323 876 1369 tamen
901 1321 1075 1383 procul
1099 1320 1254 1369 dubio
1278 1320 1611 1384 interpolator
1634 1321 1806 1384 depre-

94 1394 343 1444 henditur.
378 1395 460 1444 Sic
483 1399 541 1444 ut
565 1397 811 1458 omittam,
829 1411 958 1459 quae
975 1395 1137 1445 multa
1152 1395 1316 1444 minus
1337 1411 1571 1459 prospere
1589 1397 1636 1445 ei
1652 1411 1805 1445 cesse-

95 1472 226 1531 runt,
255 1471 378 1531 155,
399 1473 461 1519 11
491 1470 593 1519 iam
619 1472 955 1520 coniecturam
981 1485 1124 1519 suam
1149 1470 1336 1519 malam
1361 1470 1579 1533 quidem,
1598 1471 1684 1521 sed
1707 1487 1807 1520 non

95 1545 243 1608 plane
275 1544 559 1606 absurdam,
589 1546 781 1594 uiolens
804 1544 1103 1607 inseruerat,
1127 1560 1239 1593 cum
1264 1561 1417 1594 manu
1441 1546 1605 1595 invita
1630 1546 1808 1609 opinor

94 1622 145 1668 et
167 1635 326 1683 paene
349 1619 506 1668 inscia
524 1621 692 1683 etiam,
719 1620 852 1683 quod
875 1621 930 1669 in
954 1620 1093 1669 fonte
1118 1620 1367 1670 exstitisse
1391 1622 1667 1669 ceterorum
1693 1636 1805 1671 con-

93 1710 265 1743 sensus
306 1693 628 1758 demonstrat,
659 1696 799 1745 uides
832 1694 1016 1743 adiecit
1048 1697 1321 1758 statimque
1353 1696 1544 1744 fraudis
1577 1697 1806 1747 conscius

94 1769 301 1831 delevit3
333 1770 403 1819 sic
440 1771 561 1831 171,
596 1771 665 1818 14
697 1773 749 1819 et
783 1771 849 1819 15
883 1772 1016 1820 recte
1041 1770 1327 1820 emendavit
1349 1772 1513 1833 fracta
1537 1773 1588 1819 et
1611 1773 1807 1821 uacauit

95 1847 146 1893 et
169 1845 380 1894 fortasse
408 1846 475 1894 12
507 1846 710 1894 uixisset
723 1838 781 1912 ¹),
813 1845 897 1895 sed
930 1845 1164 1908 proditur
1187 1846 1383 1895 falsarii
1407 1861 1584 1894 manus
1608 1847 1806 1896 novicia

95 1919 343 1982 extemplo
367 1919 420 1967 in
442 1923 810 1983 succurrerunt,
835 1922 906 1969 sic
928 1922 1048 1982 107,
1066 1923 1130 1969 11
1160 1921 1213 1968 in
1231 1921 1482 1970 communi
1499 1922 1637 1970 fonte
1654 1921 1805 1970 libro·

94 2010 206 2043 rum
230 1998 334 2044 GP
351 1987 542 2061 (exstat
565 1996 698 2043 enim
723 1996 875 2043 etiam
900 1997 953 2044 in
969 1988 1039 2062 Γ)
1056 2011 1146 2059 pro
1170 1997 1347 2044 inertes
1370 1996 1584 2059 proclivi
1608 1995 1693 2046 sed
1717 1996 1804 2045 ab-

94 2084 216 2118 sona
246 2069 527 2119 mutatione
558 2084 737 2119 merces
769 2070 1050 2135 legebatur3
1082 2070 1213 2134 quod
1246 2086 1358 2120 cum
1390 2071 1681 2135 intellegere
1705 2087 1805 2120 non

96 2146 279 2206 posset,
301 2143 634 2208 interpolator
656 2145 741 2193 ille
766 2145 918 2194 verbo
943 2144 1076 2209 quod
1101 2147 1330 2208 sequitur
1352 2148 1598 2195 maiorwm
1622 2146 1803 2195 adduc-

98 2224 178 2267 tus
209 2220 422 2268 minores
453 2221 576 2268 satis
608 2218 912 2268 confidenter
944 2221 1149 2270 civitate
1182 2220 1404 2271 donavit.
1452 2221 1634 2285 Itaque
1667 2238 1728 2269 ne
1752 2222 1803 2269 in

100 2295 183 2355 17,
204 2294 273 2342 10
304 2293 461 2343 deleat
484 2294 684 2357 quidem
709 2294 923 2344 Senecae
947 2310 1151 2344 manum
1176 2310 1500 2360 agnoscemus
1526 2311 1615 2346 nec
1639 2297 1691 2344 in
1719 2298 1807 2358 22,

100 2368 167 2416 15
200 2369 541 2429 uictumque
566 2370 652 2430 25,
682 2371 746 2419 17
773 2385 825 2419 se
847 2370 1035 2419 dedisse
1068 2373 1118 2419 et
1149 2385 1278 2434 quae
1312 2371 1414 2419 alia
1445 2387 1577 2421 nova
1599 2373 1808 2420 intrusit

98 2442 147 2504 5,
177 2447 229 2505 1,
256 2443 305 2507 9,
332 2444 537 2505 18319,
566 2446 659 2506 14,
685 2445 771 2506 28,
797 2445 890 2508 28,
916 2447 1005 2508 42,
1032 2446 1125 2508 21,
1152 2446 1349 2508 66,19,
1376 2446 1541 2509 88,5,
1569 2447 1804 2510 105‚13;

101 2520 220 2580 111,
255 2518 311 2581 5,
346 2519 469 2580 113,
506 2521 560 2580 7,
595 2519 717 2576 136,
743 2520 837 2582 22,
872 2521 996 2582 153,
1023 2521 1078 2582 9,
1113 2521 1180 2570 25
1217 2520 1430 2583 aliisque
1462 2521 1636 2570 multis
1668 2521 1804 2571 locis.

94 2590 274 2655 Itaque
297 2592 383 2642 ubi
406 2593 544 2642 illius
568 2593 829 2643 lectionem
854 2594 1217 2659 amplectimur,
1242 2598 1409 2644 utrum
1428 2597 1591 2645 virum
1608 2612 1804 2646 emunc-

97 2670 180 2715 tae
212 2666 348 2716 naris
372 2682 638 2731 sequamur
662 2684 726 2718 an
751 2669 1012 2734 archetypi
1038 2669 1301 2719 lectionem
1328 2671 1682 2734 invenerimus,
1705 2687 1803 2720 non

96 2754 291 2805 semper
322 2742 469 2792 facile
501 2745 598 2792 erit
628 2743 921 2794 diiudicata.

176 2918 217 2971 1)
264 2915 336 2959 Ad
393 2915 620 2974 pluralem
675 2919 903 2964 vixissent
956 2920 1065 2977 post
1118 2925 1199 2966 aut
1247 2946 1301 2953 —-
1350 2925 1435 2967 aut
1481 2920 1563 2965 cfr.
1613 2920 1805 2966 Kiihner

100 2974 304 3021 Granum.
336 2974 417 3021 der
447 2977 526 3023 lat.
558 2978 686 3035 Spu-‚¹
721 2977 758 3022 11
795 2983 920 3036 mo.

1448 3055 1499 3099 b.
