2020 3132
418 60 499 104 DE
530 59 866 106 summus
898 59 1008 105 Lm.
1039 59 1105 105 VI
1135 61 1263 106 CAP.
1296 65 1471 105 36—38
1689 59 1795 113 175

99 216 374 267 quaerere3
417 197 589 266 multi,
629 216 766 267 quos
799 201 1060 251 auxerant
1090 197 1309 250 morbos
1343 200 1395 249 et
1426 198 1796 266 inritaverant,

97 276 160 325 ut
188 271 364 342 gloria
394 272 596 325 maiore
627 275 892 342 sanarent,
930 291 1042 326 non
1073 274 1366 341 potuerunt
1407 272 1670 325 discutere
1702 274 1796 325 aut

96 364 216 400 cum
247 364 445 417 magna
475 346 793 400 miserorum
825 347 1110 400 vexatione
1141 347 1399 400 vicerunt.

170 418 538 474 Callistratum
571 421 723 475 aiunt
757 421 857 492 (ita
889 425 1030 475 certe
1061 420 1305 474 Hecaton
1338 425 1525 475 auctor
1557 420 1679 493 est),
1707 433 1729 470 1
1758 425 1973 470 XXXVII

48 518 68 550 ⁵
95 513 217 549 cum
248 495 304 548 in
336 496 556 549 exilium
589 497 704 565 iret,
737 497 794 550 in
826 496 970 566 quod
1003 495 1204 550 multos
1239 513 1359 549 cum
1391 497 1487 550 illo
1520 499 1683 552 simul
1715 519 1795 554 se-

94 569 290 624 ditiosa
313 570 502 624 civitas
528 574 581 623 et
605 571 1026 640 intemperanter
1047 571 1221 624 libera
1246 570 1541 641 expulerat,
1573 579 1793 640 optante

94 645 341 714 quodam,
378 649 440 698 ut
470 643 893 699 Atheniensibus
931 646 1220 699 necessitas
1259 646 1578 699 restituendi
1610 650 1792 703 exules

92 723 254 788 esset,
292 719 663 773 abominatum
702 720 865 773 talem
902 721 1149 774 reditum.
1200 719 1438 774 Rutilius
1470 724 1654 778 noster
1683 726 1793 778 ani·
1825 734 1850 773 2

95 794 318 862 mosius,
356 812 477 847 cum
518 795 737 864 quidam
778 796 932 848 illum
974 794 1342 849 consolaretur
1380 799 1434 849 et
1475 796 1676 852 diceret
1714 799 1792 852 in-

24 892 70 926 ιο
91 871 231 922 stare
269 887 418 922 arma
457 868 661 938 civilia,
700 869 851 922 brevi
883 870 1150 940 futurum,
1189 872 1251 922 ut
1284 888 1469 923 omnes
1502 874 1683 926 exules
1715 893 1792 927 re-

91 946 447 997 verterentur:
489 942 651 1007 ‘Quid
681 944 802 997 tibi’
836 944 1015 1013 inquit
1048 944 1196 997 ‘mali
1228 944 1346 1011 feci,
1387 948 1446 996 ut
1480 946 1611 999 mihi
1645 949 1789 1018 peio-

92 1036 203 1072 rem
243 1018 475 1072 reditum
516 1036 678 1088 quam
718 1018 920 1072 exitum
964 1018 1215 1088 optares?
1277 1018 1355 1072 Ut
1402 1019 1568 1088 ma10‚
1616 1024 1791 1092 patria

90 1092 250 1146 exilio
289 1111 409 1147 meo
449 1094 750 1161 erubescat,
790 1112 951 1163 quam
991 1094 1169 1147 reditu
1201 1095 1485 1148 maereatl'
1541 1095 1669 1150 Non
1708 1102 1790 1151 est

90 1167 237 1221 istud
267 1167 505 1236 exilium,
544 1168 696 1222 cuius
728 1167 997 1222 neminem
1030 1187 1138 1222 non
1170 1169 1343 1239 magis
1378 1187 1536 1237 quam
1572 1172 1790 1226 damna-

24 1265 64 1298 ιε
89 1246 204 1295 tum
230 1242 411 1312 pudet.
452 1240 912 1305 Quemadmodum
942 1243 1023 1297 illi
1049 1246 1394 1297 servaverunt
1420 1243 1686 1299 bonorum
1719 1248 1787 1301 ci·
1823 1257 1849 1296 3

89 1318 236 1370 vium
282 1317 548 1386 officium,
594 1317 688 1387 qui
727 1318 877 1371 reddi
916 1316 1020 1371 sibi
1063 1321 1284 1388 penates
1328 1336 1454 1373 suos
1498 1320 1790 1377 noluerunt

88 1391 237 1445 clade
277 1392 572 1461 communi,
612 1393 739 1463 quia
776 1394 945 1446 satius
984 1396 1100 1446 erat
1139 1393 1272 1447 duos
1304 1394 1493 1463 iniquo
1526 1395 1668 1450 malo
1702 1398 1789 1450 ad-

87 1466 175 1519 fici
208 1484 369 1536 quam
404 1485 589 1520 omnes
620 1467 860 1537 publico,
901 1468 977 1520 ita
1015 1486 1125 1521 non
1164 1471 1341 1523 servat
1380 1471 1521 1539 grati
1554 1470 1788 1526 hominis

86 1539 372 1610 adfectum,
412 1542 505 1610 qui
539 1542 674 1596 bene
706 1543 770 1596 de
802 1561 858 1596 se
889 1546 1182 1596 merentem
1226 1543 1640 1599 difficultatibus
1671 1546 1789 1600 vult

18 1637 65 1672 ιο
87 1614 338 1687 obprimi,
368 1634 500 1685 quas
526 1617 641 1686 ipse
665 1617 997 1687 submoveat,
1030 1618 1171 1687 quia,
1202 1617 1362 1671 etiam
1398 1619 1446 1672 si
1476 1619 1612 1674 bene
1644 1623 1765 1693 cogi

85 1693 189 1759 tat,
226 1690 364 1745 male
395 1698 660 1761 precatur.
715 1691 800 1745 Ne
831 1692 886 1745 in
919 1692 1278 1762 patrocinium
1313 1692 1550 1765 quidem,
1588 1697 1785 1750 nedum

87 1765 141 1820 in
174 1765 403 1837 gloriam
435 1769 518 1820 est
548 1767 853 1820 incendium
887 1767 1198 1837 extinxisse,
1231 1768 1376 1837 quod
1408 1768 1614 1824 feceris.

157 1838 220 1893 In
253 1840 575 1910 quibusdam
607 1841 921 1895 civitatibus
952 1843 1162 1912 inpium
1195 1847 1381 1896 votum
1416 1844 1630 1898 sceleris
1684 1861 1705 1899 1
1733 1849 1965 1896 XXXVIII

84 1914 254 1969 vicem
286 1915 475 1969 tenuit.
517 1914 779 1970 Demades
812 1920 958 1971 certe
989 1916 1219 1970 Athenis
1253 1936 1391 1984 eum,
1424 1919 1516 1988 qui
1549 1938 1783 1974 necessa·

13 2010 60 2046 a
84 1990 163 2043 ria
194 1989 473 2044 funeribus
505 1990 839 2060 venditabat,
872 1992 1170 2063 damnavit,
1210 2009 1331 2045 cum
1364 1993 1646 2062 probasset
1677 2014 1783 2049 ma-

82 2083 249 2133 gnum
281 2063 489 2119 lucrum
524 2069 759 2135 optasse,
798 2067 942 2135 quod
977 2068 1287 2138 contingere
1318 2068 1399 2121 illi
1444 2068 1556 2123 sine
1590 2071 1784 2125 multo-

154 2235 177 2270 4
210 2227 420 2272 Hecaton
449 2228 510 2283 fr.
539 2229 640 2274 XV
659 2230 842 2276 Fowler

156 2370 173 2405 ι
207 2361 322 2406 irrit.
346 2366 383 2406 V
422 2362 719 2409 intranei-aut
750 2369 782 2408 0
826 2365 1144 2411 incitauerant
1175 2382 1202 2417 ς
1354 2377 1377 2411 s
1410 2368 1585 2412 maiore
1629 2367 1782 2426 gloria

81 2424 157 2465 ΒΡ
286 2430 309 2465 4
353 2421 673 2468 Callistratum
714 2428 752 2468 B
873 2427 1011 2471 autor
1042 2427 1115 2470 est
1144 2429 1183 2470 N
1227 2428 1417 2472 auctore
1450 2432 1485 2471 G
1530 2430 1719 2474 auctore
1755 2433 1780 2472 Β

154 2489 178 2525 ὅ
209 2480 347 2526 simul
380 2495 486 2527 cnm
518 2481 601 2527 illo
633 2488 710 2527 GP
837 2494 861 2529 α
893 2484 1116 2543 expulera
1145 2486 1208 2530 1¹¹
1336 2495 1360 2531 8
1391 2487 1630 2533 animosus
1664 2493 1690 2532 Β

78 2548 104 2584 ο
134 2555 239 2586 cum
271 2541 395 2586 enim
430 2557 475 2599 q.
506 2542 536 2588 i.
569 2543 837 2590 conlaretur
868 2549 903 2589 G
1025 2544 1257 2591 solaretur
1289 2552 1315 2590 8
1437 2555 1478 2590 11
1512 2547 1602 2592 feci
1634 2562 1717 2593 om.
1746 2553 1781 2592 G

154 2601 361 2658 paiorem
392 2602 453 2646 11¹
605 2611 650 2647 ιε
682 2606 735 2648 ut
766 2603 891 2649 malo
923 2609 962 2648 Ι
1002 2604 1125 2651 malo
1157 2609 1212 2650 ut
1241 2605 1345 2650 1¹³0
1498 2615 1543 2651 ιε
1574 2607 1779 2653 reditum

79 2662 210 2706 eruat
238 2660 451 2715 (haereat
481 2662 558 2718 1¹)
590 2662 699 2706 1¹¹8
827 2673 872 2709 15
904 2666 1043 2721 putet
1071 2669 1111 2709 1(
1121 2665 1133 2691 ¹
1255 2674 1299 2709 12
1332 2680 1427 2723 qua
1459 2668 1519 2710 Νι
1642 2675 1688 2711 ιο
1721 2667 1780 2713 de

78 2718 385 2765 facultatibus
409 2726 443 2766 P
561 2730 612 2766 ιο
642 2737 703 2779 op
741 2723 845 2767 rimi
879 2728 1001 2768 GPV
1026 2739 1110 2770 om.
1129 2729 1215 2768 ΠΒ,
1247 2725 1351 2770 uult
1382 2725 1508 2771 affici
1535 2733 1640 2784 post
1672 2727 1779 2772 sub-

78 2781 268 2825 monent
305 2785 332 2824 Ι
373 2780 665 2841 (distringi)
731 2782 841 2828 iffic.
877 2783 1013 2830 Gertz
1165 2786 1277 2841 quia
1317 2790 1439 2830 uns
1486 2787 1568 2844 qui
1603 2792 1679 2831 GP
1854 2800 1858 2801 ⁷

77 2838 256 2945 &gt
285 2843 320 2884 G
418 2849 501 2945 sn·
521 2844 599 2944 θεὲ
626 2846 661 2885 0
702 2842 894 2899 quidem
926 2848 1012 2887 ΠΒ
1043 2859 1128 2890 om.
1161 2849 1195 2888 P
1237 2844 1375 2891 cedet
1407 2846 1543 2893 Gertz
1588 2847 1774 2909 (satis)

238 2914 280 2959 ρ.
438 2914 530 2946 eris
