2020 3132
112 257 136 296 ὅ

0 847 96 891 XIII
131 852 152 890 1

110 1231 134 1269 2

0 2190 99 2235 XIV
133 2198 154 2235 1

173 103 243 157 92
706 104 751 148 L.
788 104 1023 149 ANNAEI
1055 103 1326 150 SENECAE

170 242 314 310 ipsas
345 259 453 295 non
485 242 637 310 petis.
700 240 765 294 In
805 241 933 310 quid
971 241 1200 294 mundus
1239 242 1382 294 vices
1414 260 1535 295 suas
1569 242 1766 296 solvit?
1805 243 1861 297 in

171 316 299 384 quid
328 316 409 369 sol
435 316 575 369 diem
599 317 839 369 extendit
862 319 915 368 et
940 315 1246 369 contrahit?
1278 317 1456 370 omnia
1479 317 1584 370 ista
1606 317 1864 372 beneficia

170 393 310 459 sunt,
339 391 479 442 fiunt
512 390 655 442 enim
685 390 843 443 nobis
875 390 1170 459 profutura.
1220 389 1500 454 Quomodo
1533 392 1718 445 mundi
1750 393 1864 445 offi-

170 465 310 517 cium
336 467 417 517 est
442 465 804 536 circumagere
826 483 1005 517 rerum
1031 465 1287 535 ordinem,
1306 467 1574 535 quomodo
1601 466 1730 519 solis
1747 467 1865 520 loca

170 542 400 610 mutare,
431 558 495 592 ex
528 539 722 608 quibus
755 539 979 608 oriatur,
1010 539 1068 591 in
1100 557 1235 608 quae
1266 540 1441 609 cadat,
1482 546 1534 594 et
1564 540 1698 595 haec
1729 541 1865 594 salu-
1912 564 1931 596 5

169 613 306 666 taria
329 613 486 667 nobis
512 614 683 667 facere
709 614 824 666 sine
848 613 1104 683 praemio,
1129 614 1204 667 ita
1228 614 1329 666 viri
1355 614 1592 668 officium
1618 618 1699 668 est
1728 616 1866 669 inter

169 688 274 741 alia
306 691 358 740 et
382 688 701 741 beneficium
727 689 862 741 dare.
908 687 1082 751 Quare
1116 707 1241 758 ergo
1268 688 1394 742 dat‘?
1425 708 1492 743 ne
1522 708 1631 743 non
1665 690 1768 759 det,
1799 709 1865 743 ne

171 763 505 816 occasionem
537 763 673 815 bene
705 762 934 816 faciendi
966 764 1168 832 perdat.

243 836 415 891 Vobis
446 837 699 907 voluptas
732 841 814 890 est
845 838 1032 890 inertis
1066 838 1160 890 otii
1195 838 1369 892 facere
1403 839 1779 907 corpusculum
1813 843 1867 893 et

169 912 508 965 securitatem
549 912 742 981 sopitis
786 912 1114 966 simillimam
1161 913 1408 981 adpetere
1455 916 1510 966 et
1556 913 1655 966 sub
1704 913 1867 966 densa
1892 938 1933 969 10

170 987 359 1039 umbra
389 986 601 1039 latitare
634 986 1042 1056 tenerrimisque
1074 987 1518 1057 cogitationibus»,
1559 1006 1692 1057 quas
1725 992 1864 1040 tran-

170 1061 492 1130 quillitatem
529 1063 747 1130 vocatiS,
779 1061 944 1114 animi
979 1062 1263 1114 marcentis
1297 1061 1564 1116 oblectare
1595 1066 1867 1132 torporem

169 1139 223 1188 et
255 1136 389 1189 cibis
421 1136 839 1205 potionibusque
872 1135 1012 1189 intra
1042 1135 1324 1188 hortorum
1356 1137 1614 1190 latebram
1641 1155 1868 1207 corpora

167 1211 382 1281 ignavia
414 1212 671 1280 pallentia
700 1211 965 1280 saginare3
997 1211 1154 1263 nobis
1179 1212 1426 1279 voluptas
1452 1215 1533 1264 est
1559 1212 1682 1264 dare
1713 1212 1866 1265 bene-

168 1285 290 1339 ficia
314 1285 401 1338 vel
432 1284 716 1353 laboriosa,
749 1285 875 1338 dum
901 1285 1130 1338 aliorum
1161 1285 1373 1338 labores
1406 1285 1599 1356 levent,
1623 1286 1709 1340 vel
1733 1287 1867 1356 peri·
1894 1309 1933 1342 ιε

171 1361 367 1428 culosa,
392 1359 518 1412 dum
537 1359 670 1411 alios
696 1359 947 1428 periculis
973 1360 1272 1428 extrahant,
1288 1360 1374 1413 vel
1398 1362 1631 1414 rationes
1655 1365 1866 1414 nostras

171 1434 539 1503 adgravatura,
556 1433 682 1486 dum
701 1434 929 1487 aliorum
943 1435 1289 1489 necessitates
1307 1438 1360 1487 et
1377 1436 1654 1506 angustias
1671 1435 1866 1489 laxent.

172 1508 311 1571 Quid
352 1527 468 1561 mea
514 1508 758 1576 interest,
802 1528 870 1562 an
908 1509 1163 1578 recipiam
1203 1509 1496 1563 beneficia?
1543 1511 1704 1563 etiam
1746 1529 1867 1564 cum

171 1601 435 1652 recepero,
469 1583 642 1636 danda
666 1587 804 1637 sunt.
852 1583 1181 1638 Beneficium
1207 1585 1320 1637 eius
1346 1585 1687 1638 commodum
1721 1603 1868 1655 spec-

172 1661 274 1727 tat,
314 1658 400 1712 cui
439 1660 765 1726 praestatur,
804 1677 913 1711 non
952 1661 1219 1729 nostrum3
1260 1659 1501 1728 alioquin
1542 1660 1700 1712 nobis
1733 1660 1867 1713 illud
1892 1682 1935 1715 πο

172 1733 373 1785 damus.
406 1731 594 1801 Itaque
625 1732 809 1797 multa,
843 1751 977 1801 quae
1011 1752 1275 1786 summam
1308 1733 1597 1786 utilitatem
1630 1734 1750 1787 aliis
1783 1734 1869 1786 ad-

171 1807 366 1877 ferunt,
398 1807 573 1876 pretio
607 1807 836 1877 gratiam
869 1807 1114 1877 perdunt.
1169 1807 1434 1861 Mercator
1466 1809 1690 1862 urbibus
1715 1808 1868 1878 prod·

173 1885 274 1950 est,
306 1881 542 1934 medicus
583 1882 778 1952 aegriS,
818 1900 1014 1953 mango
1060 1882 1360 1952 venalibus3
1403 1883 1494 1936 sed
1534 1901 1719 1936 omnes
1763 1884 1868 1952 isti,

173 1958 298 2025 quia
328 1956 396 2008 ad
427 1954 660 2010 alienum
693 1956 1031 2009 commodum
1067 1964 1164 2025 pro
1198 1975 1294 2010 suo
1327 1957 1565 2026 veniunt,
1596 1975 1705 2010 non
1737 1958 1868 2011 obli-

173 2033 302 2102 gant
334 2049 438 2099 eOS,
473 2030 666 2099 quibus
698 2034 939 2100 prosunt.
1002 2029 1128 2084 Non
1160 2035 1240 2083 est
1272 2031 1604 2100 beneficium,
1638 2033 1781 2101 quod
1813 2032 1866 2084 in
1892 2054 1934 2087 25

173 2109 452 2174 quaestum
472 2105 719 2158 mittitur.
755 2105 893 2158 ‘Hoc
919 2105 1053 2158 dabo
1080 2109 1133 2158 et
1155 2105 1259 2159 hoc
1276 2106 1550 2175 recipiam'
1568 2106 1746 2160 auctio
1773 2110 1866 2160 est.

245 2179 373 2232 Non
412 2179 584 2234 dicam
631 2180 905 2249 pudicam,
952 2198 1087 2249 quae
1127 2184 1422 2233 amatorem
1462 2184 1523 2233 ut
1564 2181 1870 2234 incenderet

171 2254 422 2323 reppulit,
440 2272 574 2323 quae
592 2258 685 2308 aut
700 2256 874 2324 legem
901 2258 994 2307 aut
1011 2255 1185 2307 virum
1210 2255 1415 2325 timuit3
1444 2259 1505 2309 ut
1529 2255 1606 2308 ait
1623 2254 1867 2308 Ovidius:

246 2470 264 2502 1
310 2460 437 2516 ipsas
481 2461 587 2505 add.
623 2461 819 2505 Medius
860 2461 986 2518 ipsas
1029 2461 1208 2520 (petis,
1254 2461 1416 2518 ipsas>
1461 2463 1559 2519 My.
1713 2460 1869 2517 inquit

172 2520 441 2562 N2RGM¹P
547 2520 671 2563 souit
701 2521 762 2562 N¹
794 2521 995 2564 mundus
1027 2521 1210 2565 incessu
1244 2521 1450 2564 absoluit
1481 2525 1525 2563 M
1556 2521 1700 2565 volvit
1734 2522 1867 2566 Gertz

173 2579 299 2622 subit
332 2580 670 2623 Kruczkiewoez
777 2580 933 2635 inquit
964 2580 1156 2623 N²RGP
1292 2589 1314 2622 5
1347 2580 1516 2624 caedat
1548 2585 1633 2622 NR
1665 2582 1803 2624 cedat
1836 2585 1866 2622 0

172 2653 284 2684 corr.
304 2640 533 2683 Erasmus
640 2648 658 2681 ’1
694 2638 919 2683 beneficia
949 2640 1005 2682 (3²
1102 2653 1188 2684 nec
1219 2644 1258 2682 N
1268 2639 1334 2681 ¹11
1446 2649 1470 2682 9
1503 2639 1577 2682 uel
1611 2639 1778 2684 farcire
1809 2654 1866 2684 ss.

171 2698 234 2741 ΝΒ
263 2700 422 2742 malim
453 2697 607 2742 fovere
617 2716 634 2753 ;
665 2698 942 2755 opusculum
959 2701 1057 2756 My.
1091 2699 1121 2743 f.
1143 2699 1404 2757 <compos>
1423 2713 1546 2755 corp.
1566 2700 1696 2743 Koch
1727 2699 1867 2742 inerti

173 2758 274 2801 ocio
307 2757 596 2801 assuefacere
621 2759 754 2802 Pinc.
884 2767 930 2801 10
962 2759 1141 2815 soporis
1175 2759 1394 2816 Ayrieola
1522 2767 1563 2800 11
1597 2758 1775 2801 lititare
1806 2758 1868 2800 Rl

247 2826 292 2858 16
326 2816 442 2860 alios
477 2822 556 2859 GV
582 2818 658 2872 (al.
691 2831 718 2860 a
750 2820 814 2874 p.)
839 2823 879 2863 et
909 2833 947 2863 v.
975 2819 1003 2862 l.
1028 2818 1090 2860 ΝΒ
1122 2817 1321 2861 aliorum
1355 2822 1386 2860 0
1507 2826 1552 2859 19
1586 2818 1803 2874 expectat
1835 2821 1865 2860 0

172 2881 285 2920 recte
318 2880 352 2916 V
459 2886 506 2919 22
534 2876 680 2932 precii
712 2882 744 2919 P
849 2886 898 2919 26
922 2879 1106 2941 gestum
1132 2883 1158 2919 S
1191 2879 1359 2931 questu
1383 2881 1427 2918 M
1532 2879 1585 2930 ut
1618 2876 1704 2930 hoc
1732 2878 1867 2929 Gertz

175 2935 297 2978 actio
324 2939 395 2977 Gs
531 2944 579 2978 28
610 2950 773 2980 uerum
805 2937 867 2986 Nl—
1214 2936 1219 2940 ’
