<?xml version="1.0" encoding="UTF-8"?>
<!DOCTYPE html PUBLIC "-//W3C//DTD XHTML 1.0 Transitional//EN"
    "http://www.w3.org/TR/xhtml1/DTD/xhtml1-transitional.dtd">
<html xmlns="http://www.w3.org/1999/xhtml" xml:lang="en" lang="en">
 <head>
  <title>
</title>
<meta http-equiv="Content-Type" content="text/html;charset=utf-8" />
  <meta name='ocr-system' content='tesseract 3.04.00' />
  <meta name='ocr-capabilities' content='ocr_page ocr_carea ocr_par ocr_line ocrx_word'/>
</head>
<body>
  <div class='ocr_page' id='page_1' title='image "./f2operaquaesuper01seneuoft_0034.png"; bbox 0 0 2020 3132; ppageno 0'>
   <div class='ocr_carea' id='block_1_1' title="bbox 225 116 1241 163">
    <p class='ocr_par' dir='ltr' id='par_1_1' title="bbox 225 116 1241 163">
     <span class='ocr_line' id='line_1_1' title="bbox 225 116 1241 163; baseline -0.001 0"><span class='ocrx_word' id='word_1_1' title='bbox 225 117 351 163; x_wconf 88' lang='lat' dir='ltr'><em>XXX</em></span> <span class='ocrx_word' id='word_1_2' title='bbox 902 116 1241 162; x_wconf 77' lang='lat' dir='ltr'>PRAEFATIO</span> 
     </span>
    </p>
   </div>
   <div class='ocr_carea' id='block_1_2' title="bbox 229 256 1929 402">
    <p class='ocr_par' dir='ltr' id='par_1_2' title="bbox 229 256 1929 402">
     <span class='ocr_line' id='line_1_2' title="bbox 229 256 1929 319; baseline 0 -10"><span class='ocrx_word' id='word_1_3' title='bbox 229 259 664 309; x_wconf 85' lang='lat' dir='ltr'><em>OHRWetzstein</em></span> <span class='ocrx_word' id='word_1_4' title='bbox 689 259 750 307; x_wconf 85' lang='lat' dir='ltr'><em>L.</em></span> <span class='ocrx_word' id='word_1_5' title='bbox 768 256 830 307; x_wconf 88' lang='lat' dir='ltr'><em>A.</em></span> <span class='ocrx_word' id='word_1_6' title='bbox 854 257 1035 308; x_wconf 76' lang='lat' dir='ltr'><em>Seneca</em></span> <span class='ocrx_word' id='word_1_7' title='bbox 1059 259 1176 319; x_wconf 78' lang='lat' dir='ltr'><em>quid</em></span> <span class='ocrx_word' id='word_1_8' title='bbox 1200 258 1256 306; x_wconf 84' lang='lat' dir='ltr'><em>de</em></span> <span class='ocrx_word' id='word_1_9' title='bbox 1279 261 1462 306; x_wconf 78' lang='lat' dir='ltr'><em>natura</em></span> <span class='ocrx_word' id='word_1_10' title='bbox 1485 259 1702 307; x_wconf 80' lang='lat' dir='ltr'><em>humana</em></span> <span class='ocrx_word' id='word_1_11' title='bbox 1726 263 1929 309; x_wconf 76' lang='lat' dir='ltr'><strong><em>senserit</em></strong></span> 
     </span>
     <span class='ocr_line' id='line_1_3' title="bbox 339 327 1432 402; baseline -0.001 -21"><span class='ocrx_word' id='word_1_12' title='bbox 339 328 478 402; x_wconf 85' lang='lat' dir='ltr'><em>(diss.</em></span> <span class='ocrx_word' id='word_1_13' title='bbox 502 327 767 399; x_wconf 88' lang='lat' dir='ltr'><em>Lipsiens.)</em></span> <span class='ocrx_word' id='word_1_14' title='bbox 803 332 1084 381; x_wconf 86' lang='lat' dir='ltr'><em>Strelitziae</em></span> <span class='ocrx_word' id='word_1_15' title='bbox 1108 348 1265 381; x_wconf 87' lang='lat' dir='ltr'><em>novae</em></span> <span class='ocrx_word' id='word_1_16' title='bbox 1294 334 1432 381; x_wconf 93' lang='lat'>1881</span> 
     </span>
    </p>
   </div>
   <div class='ocr_carea' id='block_1_3' title="bbox 231 405 1691 481">
    <p class='ocr_par' dir='ltr' id='par_1_3' title="bbox 231 405 1691 481">
     <span class='ocr_line' id='line_1_4' title="bbox 231 405 1691 481; baseline 0 -16"><span class='ocrx_word' id='word_1_17' title='bbox 231 416 524 479; x_wconf 84' lang='lat' dir='ltr'><em>CWeyman</em></span> <span class='ocrx_word' id='word_1_18' title='bbox 549 415 757 464; x_wconf 89' lang='lat' dir='ltr'><em>Literar.</em></span> <span class='ocrx_word' id='word_1_19' title='bbox 785 414 1117 463; x_wconf 83' lang='lat' dir='ltr'><em>Gentralblatt</em></span> <span class='ocrx_word' id='word_1_20' title='bbox 1145 415 1209 462; x_wconf 85' lang='lat'><em>51</em></span> <span class='ocrx_word' id='word_1_21' title='bbox 1248 405 1443 481; x_wconf 88' lang='lat'>(1900)</span> <span class='ocrx_word' id='word_1_22' title='bbox 1475 431 1522 477; x_wconf 94' lang='lat' dir='ltr'><em>p.</em></span> <span class='ocrx_word' id='word_1_23' title='bbox 1553 417 1691 465; x_wconf 91' lang='grc'>1209</span> 
     </span>
    </p>
   </div>
   <div class='ocr_carea' id='block_1_4' title="bbox 229 491 1941 2798">
    <p class='ocr_par' dir='ltr' id='par_1_4' title="bbox 229 491 1930 635">
     <span class='ocr_line' id='line_1_5' title="bbox 229 491 1930 565; baseline 0 -19"><span class='ocrx_word' id='word_1_24' title='bbox 229 499 289 547; x_wconf 93' lang='lat' dir='ltr'><em>U.</em></span> <span class='ocrx_word' id='word_1_25' title='bbox 309 498 368 546; x_wconf 90' lang='lat' dir='ltr'><em>de</em></span> <span class='ocrx_word' id='word_1_26' title='bbox 385 497 1080 546; x_wconf 86' lang='lat' dir='ltr'><em>Wilamowitz-Moellendorf</em></span> <span class='ocrx_word' id='word_1_27' title='bbox 1098 497 1413 558; x_wconf 61' lang='lat' dir='ltr'><em>Lesefmohte</em></span> <span class='ocrx_word' id='word_1_28' title='bbox 1435 496 1603 546; x_wconf 89' lang='lat' dir='ltr'>Herm.</span> <span class='ocrx_word' id='word_1_29' title='bbox 1630 499 1698 546; x_wconf 86' lang='lat'><em>37</em></span> <span class='ocrx_word' id='word_1_30' title='bbox 1734 491 1930 565; x_wconf 85' lang='grc'>(1902)</span> 
     </span>
     <span class='ocr_line' id='line_1_6' title="bbox 339 574 519 635; baseline 0 -14"><span class='ocrx_word' id='word_1_31' title='bbox 339 590 386 635; x_wconf 91' lang='lat' dir='ltr'><em>p.</em></span> <span class='ocrx_word' id='word_1_32' title='bbox 416 574 519 621; x_wconf 88' lang='grc'><em>307</em></span> 
     </span>
    </p>

    <p class='ocr_par' dir='ltr' id='par_1_5' title="bbox 229 645 1930 711">
     <span class='ocr_line' id='line_1_7' title="bbox 229 645 1930 711; baseline -0.001 -16"><span class='ocrx_word' id='word_1_33' title='bbox 229 647 454 695; x_wconf 89' lang='lat' dir='ltr'><em>HWirth</em></span> <span class='ocrx_word' id='word_1_34' title='bbox 478 647 556 695; x_wconf 90' lang='lat' dir='ltr'><em>De</em></span> <span class='ocrx_word' id='word_1_35' title='bbox 582 646 783 707; x_wconf 71' lang='lat' dir='ltr'><em>Veryilii</em></span> <span class='ocrx_word' id='word_1_36' title='bbox 808 646 944 707; x_wconf 78' lang='lat' dir='ltr'><em>apud</em></span> <span class='ocrx_word' id='word_1_37' title='bbox 967 645 1196 694; x_wconf 72' lang='lat' dir='ltr'><em>Senecam</em></span> <span class='ocrx_word' id='word_1_38' title='bbox 1213 646 1555 706; x_wconf 76' lang='lat' dir='ltr'><em>philosophum</em></span> <span class='ocrx_word' id='word_1_39' title='bbox 1579 661 1673 695; x_wconf 77' lang='lat' dir='ltr'><em>usu</em></span> <span class='ocrx_word' id='word_1_40' title='bbox 1698 646 1930 711; x_wconf 87' lang='lat' dir='ltr'><em>Friburgi</em></span> 
     </span>
    </p>

    <p class='ocr_par' dir='ltr' id='par_1_6' title="bbox 229 794 1932 936">
     <span class='ocr_line' id='line_1_8' title="bbox 229 794 1932 856; baseline 0 -12"><span class='ocrx_word' id='word_1_41' title='bbox 229 797 659 844; x_wconf 84' lang='lat' dir='ltr'><em>MZimmermann</em></span> <span class='ocrx_word' id='word_1_42' title='bbox 690 796 768 843; x_wconf 90' lang='lat' dir='ltr'><em>De</em></span> <span class='ocrx_word' id='word_1_43' title='bbox 803 796 967 843; x_wconf 80' lang='lat' dir='ltr'><em>Tacito</em></span> <span class='ocrx_word' id='word_1_44' title='bbox 998 794 1204 843; x_wconf 77' lang='lat' dir='ltr'><em>Senecae</em></span> <span class='ocrx_word' id='word_1_45' title='bbox 1225 795 1502 856; x_wconf 75' lang='lat' dir='ltr'><em>philosophi</em></span> <span class='ocrx_word' id='word_1_46' title='bbox 1525 796 1765 844; x_wconf 73' lang='lat' dir='ltr'><em>imitatore</em></span> <span class='ocrx_word' id='word_1_47' title='bbox 1791 796 1932 844; x_wconf 90' lang='lat' dir='ltr'><em>Bres-</em></span> 
     </span>
     <span class='ocr_line' id='line_1_9' title="bbox 342 862 1312 936; baseline -0.001 -18"><span class='ocrx_word' id='word_1_48' title='bbox 342 871 485 918; x_wconf 87' lang='lat' dir='ltr'><em>lauer</em></span> <span class='ocrx_word' id='word_1_49' title='bbox 515 870 687 932; x_wconf 89' lang='lat' dir='ltr'><em>philol.</em></span> <span class='ocrx_word' id='word_1_50' title='bbox 713 869 892 919; x_wconf 89' lang='lat' dir='ltr'><em>Abhdl.</em></span> <span class='ocrx_word' id='word_1_51' title='bbox 922 870 951 917; x_wconf 88' lang='lat'>5</span> <span class='ocrx_word' id='word_1_52' title='bbox 980 862 1175 936; x_wconf 83' lang='lat'>(1889)</span> <span class='ocrx_word' id='word_1_53' title='bbox 1208 885 1254 931; x_wconf 92' lang='lat' dir='ltr'><em>p.</em></span> <span class='ocrx_word' id='word_1_54' title='bbox 1287 872 1312 917; x_wconf 90' lang='lat'>1</span> 
     </span>
    </p>

    <p class='ocr_par' dir='ltr' id='par_1_7' title="bbox 229 943 1094 1010">
     <span class='ocr_line' id='line_1_10' title="bbox 229 943 1094 1010; baseline -0.002 -17"><span class='ocrx_word' id='word_1_55' title='bbox 229 945 512 1010; x_wconf 84' lang='lat' dir='ltr'><em>AZingerle</em></span> <span class='ocrx_word' id='word_1_56' title='bbox 542 945 619 993; x_wconf 89' lang='lat' dir='ltr'><em>vd.</em></span> <span class='ocrx_word' id='word_1_57' title='bbox 651 961 698 1007; x_wconf 92' lang='lat' dir='ltr'><em>p.</em></span> <span class='ocrx_word' id='word_1_58' title='bbox 722 943 868 992; x_wconf 92' lang='lat' dir='ltr'><strong>XVII</strong></span> <span class='ocrx_word' id='word_1_59' title='bbox 900 944 1010 992; x_wconf 90' lang='lat' dir='ltr'><em>adn.</em></span> <span class='ocrx_word' id='word_1_60' title='bbox 1047 946 1094 992; x_wconf 90' lang='grc'>2.</span> 
     </span>
    </p>

    <p class='ocr_par' dir='ltr' id='par_1_8' title="bbox 230 1017 1938 2126">
     <span class='ocr_line' id='line_1_11' title="bbox 308 1017 1934 1080; baseline -0.001 -13"><span class='ocrx_word' id='word_1_61' title='bbox 308 1019 527 1077; x_wconf 81' lang='lat' dir='ltr'><em>Quorum</em></span> <span class='ocrx_word' id='word_1_62' title='bbox 565 1020 617 1067; x_wconf 90' lang='lat' dir='ltr'><em>in</em></span> <span class='ocrx_word' id='word_1_63' title='bbox 655 1035 859 1067; x_wconf 90' lang='lat' dir='ltr'><em>numero</em></span> <span class='ocrx_word' id='word_1_64' title='bbox 893 1017 1105 1080; x_wconf 84' lang='lat' dir='ltr'><em>Gertzio,</em></span> <span class='ocrx_word' id='word_1_65' title='bbox 1148 1018 1226 1066; x_wconf 87' lang='lat' dir='ltr'><em>cui</em></span> <span class='ocrx_word' id='word_1_66' title='bbox 1258 1018 1310 1065; x_wconf 90' lang='lat' dir='ltr'><em>in</em></span> <span class='ocrx_word' id='word_1_67' title='bbox 1343 1018 1429 1080; x_wconf 87' lang='lat' dir='ltr'><em>eis,</em></span> <span class='ocrx_word' id='word_1_68' title='bbox 1463 1034 1588 1080; x_wconf 89' lang='lat' dir='ltr'><em>quae</em></span> <span class='ocrx_word' id='word_1_69' title='bbox 1622 1019 1934 1080; x_wconf 84' lang='lat' dir='ltr'><em>antecedunt,</em></span> 
     </span>
     <span class='ocr_line' id='line_1_12' title="bbox 230 1092 1934 1158; baseline -0.001 -15"><span class='ocrx_word' id='word_1_70' title='bbox 230 1096 429 1158; x_wconf 83' lang='lat' dir='ltr'><em>paginis</em></span> <span class='ocrx_word' id='word_1_71' title='bbox 444 1096 629 1143; x_wconf 89' lang='lat' dir='ltr'><em>totiens</em></span> <span class='ocrx_word' id='word_1_72' title='bbox 648 1093 929 1156; x_wconf 77' lang='lat' dir='ltr'><em>obstrepere</em></span> <span class='ocrx_word' id='word_1_73' title='bbox 943 1095 1144 1141; x_wconf 86' lang='lat' dir='ltr'><em>coactus</em></span> <span class='ocrx_word' id='word_1_74' title='bbox 1159 1109 1283 1154; x_wconf 90' lang='lat' dir='ltr'><em>sum,</em></span> <span class='ocrx_word' id='word_1_75' title='bbox 1297 1092 1570 1155; x_wconf 88' lang='lat' dir='ltr'><em>plurimum</em></span> <span class='ocrx_word' id='word_1_76' title='bbox 1582 1094 1682 1141; x_wconf 88' lang='lat' dir='ltr'><em>fere</em></span> <span class='ocrx_word' id='word_1_77' title='bbox 1698 1093 1934 1143; x_wconf 83' lang='lat' dir='ltr'><em>Senecam</em></span> 
     </span>
     <span class='ocr_line' id='line_1_13' title="bbox 231 1167 1935 1231; baseline -0.001 -14"><span class='ocrx_word' id='word_1_78' title='bbox 231 1186 407 1231; x_wconf 91' lang='lat' dir='ltr'><em>meque</em></span> <span class='ocrx_word' id='word_1_79' title='bbox 440 1169 615 1217; x_wconf 90' lang='lat' dir='ltr'><em>debere</em></span> <span class='ocrx_word' id='word_1_80' title='bbox 647 1168 803 1216; x_wconf 88' lang='lat' dir='ltr'><em>libero</em></span> <span class='ocrx_word' id='word_1_81' title='bbox 835 1168 937 1215; x_wconf 91' lang='lat' dir='ltr'><em>iam</em></span> <span class='ocrx_word' id='word_1_82' title='bbox 969 1168 1134 1216; x_wconf 89' lang='lat' dir='ltr'><em>animo</em></span> <span class='ocrx_word' id='word_1_83' title='bbox 1166 1167 1402 1230; x_wconf 90' lang='lat' dir='ltr'><em>profiteor</em></span> <span class='ocrx_word' id='word_1_84' title='bbox 1433 1169 1482 1215; x_wconf 88' lang='lat' dir='ltr'><em>et</em></span> <span class='ocrx_word' id='word_1_85' title='bbox 1514 1169 1557 1215; x_wconf 89' lang='lat' dir='ltr'><em>si</em></span> <span class='ocrx_word' id='word_1_86' title='bbox 1589 1168 1709 1230; x_wconf 91' lang='lat' dir='ltr'><em>quid</em></span> <span class='ocrx_word' id='word_1_87' title='bbox 1731 1169 1808 1218; x_wconf 89' lang='lat' dir='ltr'><em>his</em></span> <span class='ocrx_word' id='word_1_88' title='bbox 1834 1169 1935 1216; x_wconf 90' lang='lat' dir='ltr'><em>edi-</em></span> 
     </span>
     <span class='ocr_line' id='line_1_14' title="bbox 230 1242 1936 1305; baseline -0.001 -14"><span class='ocrx_word' id='word_1_89' title='bbox 230 1244 451 1292; x_wconf 77' lang='lat' dir='ltr'><em>tionibus</em></span> <span class='ocrx_word' id='word_1_90' title='bbox 469 1259 546 1291; x_wconf 91' lang='lat' dir='ltr'><em>me</em></span> <span class='ocrx_word' id='word_1_91' title='bbox 564 1244 830 1305; x_wconf 82' lang='lat' dir='ltr'><em>profecisse</em></span> <span class='ocrx_word' id='word_1_92' title='bbox 848 1242 1144 1305; x_wconf 88' lang='lat' dir='ltr'><em>putaverim,</em></span> <span class='ocrx_word' id='word_1_93' title='bbox 1159 1242 1253 1289; x_wconf 89' lang='lat' dir='ltr'><em>hoc</em></span> <span class='ocrx_word' id='word_1_94' title='bbox 1270 1243 1430 1304; x_wconf 83' lang='lat' dir='ltr'><em>magis</em></span> <span class='ocrx_word' id='word_1_95' title='bbox 1447 1242 1500 1289; x_wconf 91' lang='lat' dir='ltr'><em>in</em></span> <span class='ocrx_word' id='word_1_96' title='bbox 1517 1245 1681 1290; x_wconf 80' lang='lat' dir='ltr'><em>textus</em></span> <span class='ocrx_word' id='word_1_97' title='bbox 1697 1244 1936 1291; x_wconf 88' lang='lat' dir='ltr'><em>memoria</em></span> 
     </span>
     <span class='ocr_line' id='line_1_15' title="bbox 233 1316 1936 1381; baseline -0.001 -15"><span class='ocrx_word' id='word_1_98' title='bbox 233 1334 385 1381; x_wconf 89' lang='lat' dir='ltr'><em>quam</em></span> <span class='ocrx_word' id='word_1_99' title='bbox 416 1319 467 1365; x_wconf 91' lang='lat' dir='ltr'><em>in</em></span> <span class='ocrx_word' id='word_1_100' title='bbox 499 1319 623 1380; x_wconf 88' lang='lat' dir='ltr'><em>ipsis</em></span> <span class='ocrx_word' id='word_1_101' title='bbox 647 1317 809 1365; x_wconf 87' lang='lat' dir='ltr'><em>verbis</em></span> <span class='ocrx_word' id='word_1_102' title='bbox 835 1316 1170 1379; x_wconf 88' lang='lat' dir='ltr'><em>quaerendum</em></span> <span class='ocrx_word' id='word_1_103' title='bbox 1196 1332 1312 1365; x_wconf 89' lang='lat' dir='ltr'><em>esse.</em></span> <span class='ocrx_word' id='word_1_104' title='bbox 1360 1316 1538 1378; x_wconf 88' lang='lat' dir='ltr'><em>Itaque</em></span> <span class='ocrx_word' id='word_1_105' title='bbox 1564 1333 1716 1378; x_wconf 91' lang='lat' dir='ltr'><em>quare</em></span> <span class='ocrx_word' id='word_1_106' title='bbox 1741 1333 1840 1366; x_wconf 92' lang='lat' dir='ltr'><em>non</em></span> <span class='ocrx_word' id='word_1_107' title='bbox 1863 1319 1936 1365; x_wconf 89' lang='lat' dir='ltr'><em>ita</em></span> 
     </span>
     <span class='ocr_line' id='line_1_16' title="bbox 231 1391 1934 1454; baseline 0.001 -14"><span class='ocrx_word' id='word_1_108' title='bbox 231 1393 405 1442; x_wconf 89' lang='lat' dir='ltr'><em>multis</em></span> <span class='ocrx_word' id='word_1_109' title='bbox 445 1394 566 1441; x_wconf 87' lang='lat' dir='ltr'><em>locis</em></span> <span class='ocrx_word' id='word_1_110' title='bbox 599 1392 661 1439; x_wconf 93' lang='lat' dir='ltr'><em>ab</em></span> <span class='ocrx_word' id='word_1_111' title='bbox 692 1392 780 1440; x_wconf 90' lang='lat' dir='ltr'><em>illo</em></span> <span class='ocrx_word' id='word_1_112' title='bbox 813 1392 1107 1454; x_wconf 85' lang='lat' dir='ltr'><em>discrepem,</em></span> <span class='ocrx_word' id='word_1_113' title='bbox 1149 1393 1252 1438; x_wconf 88' lang='lat' dir='ltr'><em>iam</em></span> <span class='ocrx_word' id='word_1_114' title='bbox 1299 1392 1420 1439; x_wconf 85' lang='lat' dir='ltr'><em>satis</em></span> <span class='ocrx_word' id='word_1_115' title='bbox 1464 1391 1783 1454; x_wconf 81' lang='lat' dir='ltr'><em>explanatum</em></span> <span class='ocrx_word' id='word_1_116' title='bbox 1828 1393 1934 1441; x_wconf 89' lang='lat' dir='ltr'><em>erit.</em></span> 
     </span>
     <span class='ocr_line' id='line_1_17' title="bbox 232 1465 1938 1530; baseline -0.001 -14"><span class='ocrx_word' id='word_1_117' title='bbox 232 1468 406 1529; x_wconf 87' lang='lat' dir='ltr'><em>Neque</em></span> <span class='ocrx_word' id='word_1_118' title='bbox 430 1468 533 1515; x_wconf 90' lang='lat' dir='ltr'><em>iam</em></span> <span class='ocrx_word' id='word_1_119' title='bbox 550 1467 855 1530; x_wconf 86' lang='lat' dir='ltr'><em>permultum</em></span> <span class='ocrx_word' id='word_1_120' title='bbox 872 1467 1072 1515; x_wconf 91' lang='lat' dir='ltr'><em>omnino</em></span> <span class='ocrx_word' id='word_1_121' title='bbox 1091 1481 1180 1514; x_wconf 88' lang='lat' dir='ltr'><em>nos</em></span> <span class='ocrx_word' id='word_1_122' title='bbox 1197 1467 1251 1513; x_wconf 91' lang='lat' dir='ltr'><em>in</em></span> <span class='ocrx_word' id='word_1_123' title='bbox 1267 1465 1359 1514; x_wconf 90' lang='lat' dir='ltr'><em>hoc</em></span> <span class='ocrx_word' id='word_1_124' title='bbox 1376 1466 1614 1528; x_wconf 81' lang='lat' dir='ltr'><em>scriptore</em></span> <span class='ocrx_word' id='word_1_125' title='bbox 1632 1466 1938 1514; x_wconf 89' lang='lat' dir='ltr'><em>emendando</em></span> 
     </span>
     <span class='ocr_line' id='line_1_18' title="bbox 232 1540 1937 1606; baseline -0.001 -16"><span class='ocrx_word' id='word_1_126' title='bbox 232 1557 580 1606; x_wconf 86' lang='lat' dir='ltr'><em>progressuros</em></span> <span class='ocrx_word' id='word_1_127' title='bbox 606 1557 711 1590; x_wconf 89' lang='lat' dir='ltr'><em>esse</em></span> <span class='ocrx_word' id='word_1_128' title='bbox 736 1541 1042 1601; x_wconf 87' lang='lat' dir='ltr'><em>crediderim,</em></span> <span class='ocrx_word' id='word_1_129' title='bbox 1059 1541 1157 1588; x_wconf 87' lang='lat' dir='ltr'><em>nisi</em></span> <span class='ocrx_word' id='word_1_130' title='bbox 1180 1541 1309 1589; x_wconf 91' lang='lat' dir='ltr'><em>forte</em></span> <span class='ocrx_word' id='word_1_131' title='bbox 1328 1556 1385 1587; x_wconf 86' lang='lat' dir='ltr'><em>ex</em></span> <span class='ocrx_word' id='word_1_132' title='bbox 1402 1540 1816 1589; x_wconf 78' lang='lat' dir='ltr'><em>bibliothecarum</em></span> <span class='ocrx_word' id='word_1_133' title='bbox 1832 1541 1937 1589; x_wconf 85' lang='lat' dir='ltr'><em>the-</em></span> 
     </span>
     <span class='ocr_line' id='line_1_19' title="bbox 234 1615 1938 1678; baseline -0.001 -14"><span class='ocrx_word' id='word_1_134' title='bbox 234 1619 396 1665; x_wconf 87' lang='lat' dir='ltr'><em>sauris</em></span> <span class='ocrx_word' id='word_1_135' title='bbox 420 1616 705 1677; x_wconf 86' lang='lat' dir='ltr'><em>reconditis,</em></span> <span class='ocrx_word' id='word_1_136' title='bbox 729 1616 869 1666; x_wconf 84' lang='lat' dir='ltr'><em>velut</em></span> <span class='ocrx_word' id='word_1_137' title='bbox 891 1617 945 1664; x_wconf 91' lang='lat' dir='ltr'><em>in</em></span> <span class='ocrx_word' id='word_1_138' title='bbox 970 1615 1252 1678; x_wconf 88' lang='lat' dir='ltr'><em>philosophi</em></span> <span class='ocrx_word' id='word_1_139' title='bbox 1276 1616 1444 1677; x_wconf 89' lang='lat' dir='ltr'><em>patria</em></span> <span class='ocrx_word' id='word_1_140' title='bbox 1461 1642 1534 1648; x_wconf 91' lang='lat'><em>——</em></span> <span class='ocrx_word' id='word_1_141' title='bbox 1551 1631 1667 1663; x_wconf 91' lang='lat' dir='ltr'><em>nam</em></span> <span class='ocrx_word' id='word_1_142' title='bbox 1694 1632 1751 1663; x_wconf 85' lang='lat' dir='ltr'><em>ex</em></span> <span class='ocrx_word' id='word_1_143' title='bbox 1776 1617 1938 1678; x_wconf 90' lang='lat' dir='ltr'><em>sepul-</em></span> 
     </span>
     <span class='ocr_line' id='line_1_20' title="bbox 233 1689 1938 1753; baseline -0.001 -13"><span class='ocrx_word' id='word_1_144' title='bbox 233 1707 428 1741; x_wconf 90' lang='lat' dir='ltr'><em>crorum</em></span> <span class='ocrx_word' id='word_1_145' title='bbox 460 1691 665 1740; x_wconf 86' lang='lat' dir='ltr'><em>latebris</em></span> <span class='ocrx_word' id='word_1_146' title='bbox 699 1691 743 1739; x_wconf 91' lang='lat' dir='ltr'><em>ei</em></span> <span class='ocrx_word' id='word_1_147' title='bbox 775 1691 969 1738; x_wconf 90' lang='lat' dir='ltr'><em>lucrum</em></span> <span class='ocrx_word' id='word_1_148' title='bbox 1002 1706 1199 1753; x_wconf 88' lang='lat' dir='ltr'><em>sperare</em></span> <span class='ocrx_word' id='word_1_149' title='bbox 1232 1689 1468 1739; x_wconf 87' lang='lat' dir='ltr'><em>audacius</em></span> <span class='ocrx_word' id='word_1_150' title='bbox 1494 1692 1569 1737; x_wconf 91' lang='lat' dir='ltr'><em>est</em></span> <span class='ocrx_word' id='word_1_151' title='bbox 1605 1717 1686 1752; x_wconf 93' lang='lat'><em>—,</em></span> <span class='ocrx_word' id='word_1_152' title='bbox 1719 1693 1777 1738; x_wconf 90' lang='lat' dir='ltr'><em>ut</em></span> <span class='ocrx_word' id='word_1_153' title='bbox 1809 1691 1938 1738; x_wconf 88' lang='lat' dir='ltr'><em>anti-</em></span> 
     </span>
     <span class='ocr_line' id='line_1_21' title="bbox 235 1763 1938 1828; baseline -0.001 -14"><span class='ocrx_word' id='word_1_154' title='bbox 235 1768 413 1828; x_wconf 85' lang='lat' dir='ltr'><em>quiora</em></span> <span class='ocrx_word' id='word_1_155' title='bbox 436 1767 510 1814; x_wconf 90' lang='lat' dir='ltr'><em>ita</em></span> <span class='ocrx_word' id='word_1_156' title='bbox 534 1766 741 1815; x_wconf 86' lang='lat' dir='ltr'><em>meliora</em></span> <span class='ocrx_word' id='word_1_157' title='bbox 766 1765 986 1814; x_wconf 88' lang='lat' dir='ltr'><em>subsidia</em></span> <span class='ocrx_word' id='word_1_158' title='bbox 1011 1766 1346 1814; x_wconf 88' lang='lat' dir='ltr'><em>successerint.</em></span> <span class='ocrx_word' id='word_1_159' title='bbox 1382 1763 1523 1821; x_wconf 84' lang='lat' dir='ltr'><em>Quod</em></span> <span class='ocrx_word' id='word_1_160' title='bbox 1547 1765 1713 1813; x_wconf 86' lang='lat' dir='ltr'><em>fausta</em></span> <span class='ocrx_word' id='word_1_161' title='bbox 1736 1765 1938 1812; x_wconf 87' lang='lat' dir='ltr'><em>fortuna</em></span> 
     </span>
     <span class='ocr_line' id='line_1_22' title="bbox 235 1839 1938 1903; baseline -0.001 -14"><span class='ocrx_word' id='word_1_162' title='bbox 235 1844 291 1889; x_wconf 92' lang='lat' dir='ltr'><em>ut</em></span> <span class='ocrx_word' id='word_1_163' title='bbox 315 1843 526 1902; x_wconf 88' lang='lat' dir='ltr'><em>eveniat,</em></span> <span class='ocrx_word' id='word_1_164' title='bbox 551 1841 696 1889; x_wconf 89' lang='lat' dir='ltr'><em>valde</em></span> <span class='ocrx_word' id='word_1_165' title='bbox 722 1840 996 1903; x_wconf 85' lang='lat' dir='ltr'><em>optandum</em></span> <span class='ocrx_word' id='word_1_166' title='bbox 1021 1842 1108 1889; x_wconf 89' lang='lat' dir='ltr'><em>est.</em></span> <span class='ocrx_word' id='word_1_167' title='bbox 1149 1840 1279 1887; x_wconf 87' lang='lat' dir='ltr'><em>Nam</em></span> <span class='ocrx_word' id='word_1_168' title='bbox 1304 1855 1365 1887; x_wconf 89' lang='lat' dir='ltr'><em>ne</em></span> <span class='ocrx_word' id='word_1_169' title='bbox 1389 1839 1436 1887; x_wconf 87' lang='lat' dir='ltr'>N</span> <span class='ocrx_word' id='word_1_170' title='bbox 1439 1839 1697 1888; x_wconf 88' lang='lat' dir='ltr'><em>azarianus</em></span> <span class='ocrx_word' id='word_1_171' title='bbox 1724 1840 1938 1902; x_wconf 88' lang='lat' dir='ltr'><em>quidem,</em></span> 
     </span>
     <span class='ocr_line' id='line_1_23' title="bbox 237 1914 1938 1978; baseline -0.001 -15"><span class='ocrx_word' id='word_1_172' title='bbox 237 1917 463 1978; x_wconf 86' lang='lat' dir='ltr'><em>quamvis</em></span> <span class='ocrx_word' id='word_1_173' title='bbox 487 1917 554 1964; x_wconf 86' lang='lat' dir='ltr'><em>sit</em></span> <span class='ocrx_word' id='word_1_174' title='bbox 579 1916 810 1978; x_wconf 90' lang='lat' dir='ltr'><em>optimus,</em></span> <span class='ocrx_word' id='word_1_175' title='bbox 835 1915 991 1963; x_wconf 89' lang='lat' dir='ltr'><em>bonus</em></span> <span class='ocrx_word' id='word_1_176' title='bbox 1017 1916 1092 1962; x_wconf 86' lang='lat' dir='ltr'><em>est</em></span> <span class='ocrx_word' id='word_1_177' title='bbox 1115 1915 1257 1963; x_wconf 87' lang='lat' dir='ltr'><em>testis</em></span> <span class='ocrx_word' id='word_1_178' title='bbox 1282 1916 1332 1961; x_wconf 90' lang='lat' dir='ltr'><em>et</em></span> <span class='ocrx_word' id='word_1_179' title='bbox 1354 1914 1544 1963; x_wconf 85' lang='lat' dir='ltr'><em>lacunis</em></span> <span class='ocrx_word' id='word_1_180' title='bbox 1570 1917 1620 1962; x_wconf 89' lang='lat' dir='ltr'><em>et</em></span> <span class='ocrx_word' id='word_1_181' title='bbox 1644 1915 1938 1976; x_wconf 86' lang='lat' dir='ltr'><em>corruptelis</em></span> 
     </span>
     <span class='ocr_line' id='line_1_24' title="bbox 235 1988 1938 2053; baseline -0.001 -15"><span class='ocrx_word' id='word_1_182' title='bbox 235 1992 384 2038; x_wconf 89' lang='lat' dir='ltr'><em>nimis</em></span> <span class='ocrx_word' id='word_1_183' title='bbox 417 1992 625 2052; x_wconf 87' lang='lat' dir='ltr'><em>scatens,</em></span> <span class='ocrx_word' id='word_1_184' title='bbox 657 1990 707 2037; x_wconf 90' lang='lat' dir='ltr'><em>in</em></span> <span class='ocrx_word' id='word_1_185' title='bbox 743 1989 920 2052; x_wconf 88' lang='lat' dir='ltr'><em>quibus</em></span> <span class='ocrx_word' id='word_1_186' title='bbox 954 1988 1187 2038; x_wconf 84' lang='lat' dir='ltr'><em>sanandis</em></span> <span class='ocrx_word' id='word_1_187' title='bbox 1218 1989 1405 2036; x_wconf 88' lang='lat' dir='ltr'><em>frustra</em></span> <span class='ocrx_word' id='word_1_188' title='bbox 1428 1990 1525 2036; x_wconf 82' lang='lat' dir='ltr'><em>viri</em></span> <span class='ocrx_word' id='word_1_189' title='bbox 1557 1989 1864 2053; x_wconf 87' lang='lat' dir='ltr'><em>sagacissimi</em></span> <span class='ocrx_word' id='word_1_190' title='bbox 1889 2005 1938 2038; x_wconf 90' lang='lat' dir='ltr'><em>se</em></span> 
     </span>
     <span class='ocr_line' id='line_1_25' title="bbox 234 2064 923 2126; baseline 0 -13"><span class='ocrx_word' id='word_1_191' title='bbox 234 2067 486 2113; x_wconf 86' lang='lat' dir='ltr'><em>torserunt</em></span> <span class='ocrx_word' id='word_1_192' title='bbox 510 2064 923 2126; x_wconf 87' lang='lat' dir='ltr'><em>torquebuntque.</em></span> 
     </span>
    </p>

    <p class='ocr_par' dir='ltr' id='par_1_9' title="bbox 233 2132 1941 2798">
     <span class='ocr_line' id='line_1_26' title="bbox 309 2132 1940 2205; baseline 0 -18"><span class='ocrx_word' id='word_1_193' title='bbox 309 2139 368 2187; x_wconf 91' lang='lat' dir='ltr'><em>In</em></span> <span class='ocrx_word' id='word_1_194' title='bbox 392 2139 537 2188; x_wconf 90' lang='lat' dir='ltr'><em>rebus</em></span> <span class='ocrx_word' id='word_1_195' title='bbox 562 2139 960 2203; x_wconf 88' lang='lat' dir='ltr'><em>orthographicis</em></span> <span class='ocrx_word' id='word_1_196' title='bbox 973 2132 1015 2205; x_wconf 91' lang='lat'><em>1)</em></span> <span class='ocrx_word' id='word_1_197' title='bbox 1040 2138 1378 2186; x_wconf 84' lang='lat' dir='ltr'><em>Nazarianum</em></span> <span class='ocrx_word' id='word_1_198' title='bbox 1409 2139 1605 2187; x_wconf 84' lang='lat' dir='ltr'><em>secutus</em></span> <span class='ocrx_word' id='word_1_199' title='bbox 1632 2154 1741 2186; x_wconf 90' lang='lat' dir='ltr'><em>sum</em></span> <span class='ocrx_word' id='word_1_200' title='bbox 1768 2137 1940 2187; x_wconf 91' lang='lat' dir='ltr'><em>ducem</em></span> 
     </span>
     <span class='ocr_line' id='line_1_27' title="bbox 237 2212 1936 2276; baseline -0.001 -14"><span class='ocrx_word' id='word_1_201' title='bbox 237 2216 359 2262; x_wconf 87' lang='lat' dir='ltr'><em>satis</em></span> <span class='ocrx_word' id='word_1_202' title='bbox 386 2214 586 2275; x_wconf 89' lang='lat' dir='ltr'><em>bonum,</em></span> <span class='ocrx_word' id='word_1_203' title='bbox 612 2213 842 2276; x_wconf 86' lang='lat' dir='ltr'><em>quamvis</em></span> <span class='ocrx_word' id='word_1_204' title='bbox 866 2229 965 2261; x_wconf 92' lang='lat' dir='ltr'><em>non</em></span> <span class='ocrx_word' id='word_1_205' title='bbox 991 2212 1243 2273; x_wconf 79' lang='lat' dir='ltr'><em>stabilem3</em></span> <span class='ocrx_word' id='word_1_206' title='bbox 1269 2228 1385 2260; x_wconf 82' lang='lat' dir='ltr'><em>nam</em></span> <span class='ocrx_word' id='word_1_207' title='bbox 1411 2212 1607 2261; x_wconf 86' lang='lat' dir='ltr'><em>exhibet</em></span> <span class='ocrx_word' id='word_1_208' title='bbox 1631 2213 1822 2273; x_wconf 69' lang='lat' dir='ltr'><em>adflicto,</em></span> <span class='ocrx_word' id='word_1_209' title='bbox 1847 2213 1936 2261; x_wconf 80' lang='lat' dir='ltr'><em>ad-</em></span> 
     </span>
     <span class='ocr_line' id='line_1_28' title="bbox 236 2287 1941 2351; baseline -0.002 -13"><span class='ocrx_word' id='word_1_210' title='bbox 236 2290 388 2350; x_wconf 78' lang='lat' dir='ltr'><em>fectus</em></span> <span class='ocrx_word' id='word_1_211' title='bbox 415 2290 498 2349; x_wconf 83' lang='lat'><em>36,</em></span> <span class='ocrx_word' id='word_1_212' title='bbox 528 2290 620 2350; x_wconf 93' lang='grc'><em>18,</em></span> <span class='ocrx_word' id='word_1_213' title='bbox 646 2290 732 2350; x_wconf 92' lang='grc'>40,</span> <span class='ocrx_word' id='word_1_214' title='bbox 760 2289 815 2351; x_wconf 92' lang='grc'>9,</span> <span class='ocrx_word' id='word_1_215' title='bbox 841 2290 927 2349; x_wconf 94' lang='grc'><em>41,</em></span> <span class='ocrx_word' id='word_1_216' title='bbox 948 2288 1040 2349; x_wconf 92' lang='grc'><em>28,</em></span> <span class='ocrx_word' id='word_1_217' title='bbox 1067 2289 1152 2347; x_wconf 89' lang='grc'><em>46,</em></span> <span class='ocrx_word' id='word_1_218' title='bbox 1182 2287 1248 2335; x_wconf 89' lang='lat'><em>15</em></span> <span class='ocrx_word' id='word_1_219' title='bbox 1276 2288 1338 2335; x_wconf 88' lang='lat' dir='ltr'><em>al.</em></span> <span class='ocrx_word' id='word_1_220' title='bbox 1366 2288 1415 2335; x_wconf 88' lang='lat' dir='ltr'><em>et</em></span> <span class='ocrx_word' id='word_1_221' title='bbox 1439 2287 1649 2349; x_wconf 38' lang='lat' dir='ltr'><em>affectus,</em></span> <span class='ocrx_word' id='word_1_222' title='bbox 1668 2289 1753 2347; x_wconf 86' lang='lat'><em>31,</em></span> <span class='ocrx_word' id='word_1_223' title='bbox 1783 2288 1829 2347; x_wconf 87' lang='lat'><em>7,</em></span> <span class='ocrx_word' id='word_1_224' title='bbox 1854 2287 1941 2335; x_wconf 84' lang='lat' dir='ltr'><em>ad-</em></span> 
     </span>
     <span class='ocr_line' id='line_1_29' title="bbox 233 2362 1939 2424; baseline -0.002 -12"><span class='ocrx_word' id='word_1_225' title='bbox 233 2378 406 2424; x_wconf 71' lang='lat' dir='ltr'><em>ynosco</em></span> <span class='ocrx_word' id='word_1_226' title='bbox 424 2365 508 2424; x_wconf 84' lang='lat'><em>76,</em></span> <span class='ocrx_word' id='word_1_227' title='bbox 526 2365 556 2410; x_wconf 87' lang='grc'><strong>3</strong></span> <span class='ocrx_word' id='word_1_228' title='bbox 577 2364 844 2424; x_wconf 74' lang='lat' dir='ltr'><em>etaynosco</em></span> <span class='ocrx_word' id='word_1_229' title='bbox 863 2365 946 2423; x_wconf 82' lang='lat'><em>16,</em></span> <span class='ocrx_word' id='word_1_230' title='bbox 964 2364 1052 2422; x_wconf 97' lang='grc'><em>27,</em></span> <span class='ocrx_word' id='word_1_231' title='bbox 1082 2362 1271 2423; x_wconf 86' lang='grc'>51,25,</span> <span class='ocrx_word' id='word_1_232' title='bbox 1301 2363 1524 2423; x_wconf 88' lang='grc'>139,25,</span> <span class='ocrx_word' id='word_1_233' title='bbox 1553 2363 1744 2423; x_wconf 88' lang='grc'>143,4,</span> <span class='ocrx_word' id='word_1_234' title='bbox 1773 2362 1827 2423; x_wconf 92' lang='grc'>9,</span> <span class='ocrx_word' id='word_1_235' title='bbox 1849 2363 1939 2422; x_wconf 92' lang='grc'><em>12,</em></span> 
     </span>
     <span class='ocr_line' id='line_1_30' title="bbox 237 2436 1937 2500; baseline -0.001 -15"><span class='ocrx_word' id='word_1_236' title='bbox 237 2439 434 2487; x_wconf 79' lang='lat' dir='ltr'><em>adlatus</em></span> <span class='ocrx_word' id='word_1_237' title='bbox 457 2439 539 2500; x_wconf 87' lang='grc'><em>39,</em></span> <span class='ocrx_word' id='word_1_238' title='bbox 563 2440 626 2485; x_wconf 91' lang='grc'><em>16</em></span> <span class='ocrx_word' id='word_1_239' title='bbox 657 2439 707 2486; x_wconf 85' lang='lat' dir='ltr'><em>et</em></span> <span class='ocrx_word' id='word_1_240' title='bbox 731 2438 975 2486; x_wconf 76' lang='lat' dir='ltr'><em>allaturus</em></span> <span class='ocrx_word' id='word_1_241' title='bbox 993 2437 1145 2498; x_wconf 92' lang='grc'>48,2,</span> <span class='ocrx_word' id='word_1_242' title='bbox 1169 2437 1391 2497; x_wconf 89' lang='grc'>155,29,</span> <span class='ocrx_word' id='word_1_243' title='bbox 1416 2436 1576 2496; x_wconf 74' lang='lat' dir='ltr'><em>adliyo</em></span> <span class='ocrx_word' id='word_1_244' title='bbox 1597 2436 1748 2497; x_wconf 92' lang='grc'>8,19,</span> <span class='ocrx_word' id='word_1_245' title='bbox 1772 2436 1937 2497; x_wconf 87' lang='grc'>221,5</span> 
     </span>
     <span class='ocr_line' id='line_1_31' title="bbox 239 2510 1939 2575; baseline -0.002 -15"><span class='ocrx_word' id='word_1_246' title='bbox 239 2514 288 2560; x_wconf 89' lang='lat' dir='ltr'><em>et</em></span> <span class='ocrx_word' id='word_1_247' title='bbox 305 2513 451 2574; x_wconf 75' lang='lat' dir='ltr'><em>alliqo</em></span> <span class='ocrx_word' id='word_1_248' title='bbox 472 2514 519 2573; x_wconf 93' lang='grc'>6,</span> <span class='ocrx_word' id='word_1_249' title='bbox 540 2513 630 2571; x_wconf 89' lang='grc'><em>23,</em></span> <span class='ocrx_word' id='word_1_250' title='bbox 658 2513 742 2575; x_wconf 88' lang='grc'>56,</span> <span class='ocrx_word' id='word_1_251' title='bbox 763 2514 818 2573; x_wconf 95' lang='grc'><em>2,</em></span> <span class='ocrx_word' id='word_1_252' title='bbox 849 2512 968 2572; x_wconf 95' lang='grc'><em>100,</em></span> <span class='ocrx_word' id='word_1_253' title='bbox 987 2512 1080 2572; x_wconf 91' lang='grc'><em>29,</em></span> <span class='ocrx_word' id='word_1_254' title='bbox 1108 2511 1229 2572; x_wconf 88' lang='grc'>178,</span> <span class='ocrx_word' id='word_1_255' title='bbox 1249 2511 1304 2572; x_wconf 87' lang='grc'>5,</span> <span class='ocrx_word' id='word_1_256' title='bbox 1333 2511 1454 2571; x_wconf 92' lang='grc'>188,</span> <span class='ocrx_word' id='word_1_257' title='bbox 1474 2511 1566 2571; x_wconf 89' lang='grc'><em>30,</em></span> <span class='ocrx_word' id='word_1_258' title='bbox 1590 2511 1760 2570; x_wconf 78' lang='lat' dir='ltr'><em>adpeto</em></span> <span class='ocrx_word' id='word_1_259' title='bbox 1783 2512 1865 2570; x_wconf 89' lang='lat'><em>11,</em></span> <span class='ocrx_word' id='word_1_260' title='bbox 1885 2510 1939 2571; x_wconf 87' lang='grc'>5,</span> 
     </span>
     <span class='ocr_line' id='line_1_32' title="bbox 241 2585 1940 2648; baseline -0.002 -13"><span class='ocrx_word' id='word_1_261' title='bbox 241 2588 325 2647; x_wconf 89' lang='grc'><em>52,</em></span> <span class='ocrx_word' id='word_1_262' title='bbox 346 2588 436 2648; x_wconf 89' lang='grc'><em>19,</em></span> <span class='ocrx_word' id='word_1_263' title='bbox 456 2588 541 2648; x_wconf 88' lang='grc'>92,</span> <span class='ocrx_word' id='word_1_264' title='bbox 564 2588 631 2635; x_wconf 95' lang='grc'>10</span> <span class='ocrx_word' id='word_1_265' title='bbox 649 2586 728 2647; x_wconf 83' lang='lat' dir='ltr'><em>aL,</em></span> <span class='ocrx_word' id='word_1_266' title='bbox 746 2586 936 2646; x_wconf 80' lang='lat' dir='ltr'><em>adplieo</em></span> <span class='ocrx_word' id='word_1_267' title='bbox 956 2586 1040 2647; x_wconf 87' lang='lat'><em>16,</em></span> <span class='ocrx_word' id='word_1_268' title='bbox 1060 2586 1115 2647; x_wconf 93' lang='grc'>8,</span> <span class='ocrx_word' id='word_1_269' title='bbox 1143 2586 1330 2646; x_wconf 85' lang='lat'><em>164,1,</em></span> <span class='ocrx_word' id='word_1_270' title='bbox 1356 2585 1568 2645; x_wconf 76' lang='lat' dir='ltr'><em>adprobo</em></span> <span class='ocrx_word' id='word_1_271' title='bbox 1597 2586 1790 2647; x_wconf 89' lang='grc'>22,19,</span> <span class='ocrx_word' id='word_1_272' title='bbox 1820 2585 1940 2645; x_wconf 92' lang='grc'>118,</span> 
     </span>
     <span class='ocr_line' id='line_1_33' title="bbox 240 2659 1941 2724; baseline -0.002 -15"><span class='ocrx_word' id='word_1_273' title='bbox 240 2663 333 2724; x_wconf 85' lang='grc'><em>28,</em></span> <span class='ocrx_word' id='word_1_274' title='bbox 373 2663 492 2724; x_wconf 89' lang='grc'>164,</span> <span class='ocrx_word' id='word_1_275' title='bbox 525 2662 608 2723; x_wconf 90' lang='grc'><em>10,</em></span> <span class='ocrx_word' id='word_1_276' title='bbox 639 2660 725 2709; x_wconf 89' lang='lat' dir='ltr'><em>sed</em></span> <span class='ocrx_word' id='word_1_277' title='bbox 748 2674 960 2720; x_wconf 87' lang='lat' dir='ltr'><em>appareo</em></span> <span class='ocrx_word' id='word_1_278' title='bbox 986 2675 1200 2722; x_wconf 82' lang='lat' dir='ltr'><em>semper3</em></span> <span class='ocrx_word' id='word_1_279' title='bbox 1237 2661 1436 2719; x_wconf 84' lang='lat' dir='ltr'><em>adspiro</em></span> <span class='ocrx_word' id='word_1_280' title='bbox 1465 2659 1586 2719; x_wconf 88' lang='lat'><em>150,</em></span> <span class='ocrx_word' id='word_1_281' title='bbox 1607 2660 1673 2706; x_wconf 88' lang='grc'><em>24</em></span> <span class='ocrx_word' id='word_1_282' title='bbox 1701 2660 1751 2706; x_wconf 89' lang='lat' dir='ltr'><em>et</em></span> <span class='ocrx_word' id='word_1_283' title='bbox 1775 2660 1941 2719; x_wconf 82' lang='lat' dir='ltr'><em>aspiro</em></span> 
     </span>
     <span class='ocr_line' id='line_1_34' title="bbox 242 2733 1940 2798; baseline -0.002 -14"><span class='ocrx_word' id='word_1_284' title='bbox 242 2737 326 2797; x_wconf 88' lang='grc'>52,</span> <span class='ocrx_word' id='word_1_285' title='bbox 346 2738 400 2798; x_wconf 89' lang='grc'><em>2,</em></span> <span class='ocrx_word' id='word_1_286' title='bbox 426 2736 667 2784; x_wconf 77' lang='lat' dir='ltr'><em>adsiduus</em></span> <span class='ocrx_word' id='word_1_287' title='bbox 683 2735 838 2797; x_wconf 83' lang='grc'>5,19;</span> <span class='ocrx_word' id='word_1_288' title='bbox 866 2736 987 2796; x_wconf 88' lang='grc'>167,</span> <span class='ocrx_word' id='word_1_289' title='bbox 1009 2735 1077 2782; x_wconf 91' lang='grc'>20</span> <span class='ocrx_word' id='word_1_290' title='bbox 1097 2735 1161 2782; x_wconf 88' lang='lat' dir='ltr'><em>al.</em></span> <span class='ocrx_word' id='word_1_291' title='bbox 1180 2735 1229 2780; x_wconf 89' lang='lat' dir='ltr'><em>et</em></span> <span class='ocrx_word' id='word_1_292' title='bbox 1246 2733 1478 2782; x_wconf 80' lang='lat' dir='ltr'><em>assiduus</em></span> <span class='ocrx_word' id='word_1_293' title='bbox 1493 2734 1686 2796; x_wconf 89' lang='grc'>53,14,</span> <span class='ocrx_word' id='word_1_294' title='bbox 1719 2733 1940 2782; x_wconf 83' lang='lat' dir='ltr'><em>adscribo</em></span> 
     </span>
    </p>
   </div>
   <div class='ocr_carea' id='block_1_5' title="bbox 239 2889 1940 3010">
    <p class='ocr_par' dir='ltr' id='par_1_10' title="bbox 239 2889 1940 3010">
     <span class='ocr_line' id='line_1_35' title="bbox 239 2889 1940 2997; baseline -0.002 -59"><span class='ocrx_word' id='word_1_295' title='bbox 239 2953 269 2996; x_wconf 79' lang='lat' dir='ltr'>b</span> <span class='ocrx_word' id='word_1_296' title='bbox 316 2895 361 2996; x_wconf 54' lang='lat' dir='ltr'><em>lg</em></span> <span class='ocrx_word' id='word_1_297' title='bbox 391 2893 480 2996; x_wconf 48' lang='lat' dir='ltr'><em>Phi.</em></span> <span class='ocrx_word' id='word_1_298' title='bbox 516 2908 646 2997; x_wconf 56' lang='lat' dir='ltr'><em>quaie1</em></span> <span class='ocrx_word' id='word_1_299' title='bbox 655 2893 719 2995; x_wconf 50' lang='lat' dir='ltr'><em>{le</em></span> <span class='ocrx_word' id='word_1_300' title='bbox 749 2893 855 2937; x_wconf 86' lang='lat' dir='ltr'><em>aliis</em></span> <span class='ocrx_word' id='word_1_301' title='bbox 890 2895 937 2936; x_wconf 85' lang='lat' dir='ltr'><em>et</em></span> <span class='ocrx_word' id='word_1_302' title='bbox 963 2893 1020 2936; x_wconf 90' lang='lat' dir='ltr'><em>de</em></span> <span class='ocrx_word' id='word_1_303' title='bbox 1053 2891 1215 2936; x_wconf 83' lang='lat' dir='ltr'><em>formis</em></span> <span class='ocrx_word' id='word_1_304' title='bbox 1241 2892 1492 2936; x_wconf 85' lang='lat' dir='ltr'><em>contractis</em></span> <span class='ocrx_word' id='word_1_305' title='bbox 1518 2889 1778 2948; x_wconf 82' lang='lat' dir='ltr'><em>disputavit</em></span> <span class='ocrx_word' id='word_1_306' title='bbox 1801 2890 1940 2934; x_wconf 79' lang='lat' dir='ltr'><em>Ross-</em></span> 
     </span>
     <span class='ocr_line' id='line_1_36' title="bbox 274 2966 693 3010; baseline 0.002 -14"><span class='ocrx_word' id='word_1_307' title='bbox 274 2966 329 2997; x_wconf 84' lang='lat' dir='ltr'><em>ac</em></span> <span class='ocrx_word' id='word_1_308' title='bbox 414 2987 423 2997; x_wconf 92' lang='lat'><strong><em>.</em></strong></span> <span class='ocrx_word' id='word_1_309' title='bbox 479 2990 490 3001; x_wconf 89' lang='lat'>.</span> <span class='ocrx_word' id='word_1_310' title='bbox 522 2968 566 3010; x_wconf 87' lang='lat' dir='ltr'><em>p.</em></span> <span class='ocrx_word' id='word_1_311' title='bbox 686 2988 693 2997; x_wconf 90' lang='lat'><strong>.</strong></span> 
     </span>
    </p>
   </div>
  </div>
 </body>
</html>
