<?xml version="1.0" encoding="UTF-8"?>
<!DOCTYPE html PUBLIC "-//W3C//DTD XHTML 1.0 Transitional//EN"
    "http://www.w3.org/TR/xhtml1/DTD/xhtml1-transitional.dtd">
<html xmlns="http://www.w3.org/1999/xhtml" xml:lang="en" lang="en">
 <head>
  <title>
</title>
<meta http-equiv="Content-Type" content="text/html;charset=utf-8" />
  <meta name='ocr-system' content='tesseract 3.04.00' />
  <meta name='ocr-capabilities' content='ocr_page ocr_carea ocr_par ocr_line ocrx_word'/>
</head>
<body>
  <div class='ocr_page' id='page_1' title='image "./f2operaquaesuper01seneuoft_0036.png"; bbox 0 0 2020 3132; ppageno 0'>
   <div class='ocr_carea' id='block_1_1' title="bbox 255 116 1277 163">
    <p class='ocr_par' dir='ltr' id='par_1_1' title="bbox 255 116 1277 163">
     <span class='ocr_line' id='line_1_1' title="bbox 255 116 1277 163; baseline -0.001 0"><span class='ocrx_word' id='word_1_1' title='bbox 255 118 423 163; x_wconf 90' lang='lat' dir='ltr'>XXXII</span> <span class='ocrx_word' id='word_1_2' title='bbox 936 116 1277 162; x_wconf 86' lang='lat' dir='ltr'>PRAEFATIO</span> 
     </span>
    </p>
   </div>
   <div class='ocr_carea' id='block_1_2' title="bbox 211 258 1973 2856">
    <p class='ocr_par' dir='ltr' id='par_1_2' title="bbox 254 258 1959 916">
     <span class='ocr_line' id='line_1_2' title="bbox 255 258 1954 322; baseline 0.002 -15"><span class='ocrx_word' id='word_1_3' title='bbox 255 260 375 319; x_wconf 99' lang='lat'>182,</span> <span class='ocrx_word' id='word_1_4' title='bbox 402 261 495 320; x_wconf 83' lang='lat'>213</span> <span class='ocrx_word' id='word_1_5' title='bbox 532 258 654 319; x_wconf 86' lang='lat'>185,</span> <span class='ocrx_word' id='word_1_6' title='bbox 683 258 775 319; x_wconf 91' lang='grc'>15,</span> <span class='ocrx_word' id='word_1_7' title='bbox 804 259 924 317; x_wconf 88' lang='grc'>187,</span> <span class='ocrx_word' id='word_1_8' title='bbox 952 259 1036 319; x_wconf 97' lang='grc'>15,</span> <span class='ocrx_word' id='word_1_9' title='bbox 1071 259 1247 319; x_wconf 90' lang='grc'>242,1</span> <span class='ocrx_word' id='word_1_10' title='bbox 1285 260 1336 306; x_wconf 89' lang='lat' dir='ltr'>et</span> <span class='ocrx_word' id='word_1_11' title='bbox 1359 258 1455 306; x_wconf 72' lang='lat' dir='ltr'>diis</span> <span class='ocrx_word' id='word_1_12' title='bbox 1479 259 1565 319; x_wconf 83' lang='lat'>45,</span> <span class='ocrx_word' id='word_1_13' title='bbox 1593 260 1683 322; x_wconf 90' lang='grc'>22,</span> <span class='ocrx_word' id='word_1_14' title='bbox 1713 261 1834 321; x_wconf 88' lang='grc'>144,</span> <span class='ocrx_word' id='word_1_15' title='bbox 1863 263 1954 322; x_wconf 92' lang='grc'>11,</span> 
     </span>
     <span class='ocr_line' id='line_1_3' title="bbox 257 333 1956 398; baseline 0.001 -18"><span class='ocrx_word' id='word_1_16' title='bbox 257 334 462 394; x_wconf 89' lang='lat'>166,12</span> <span class='ocrx_word' id='word_1_17' title='bbox 491 333 554 381; x_wconf 85' lang='lat' dir='ltr'>al.</span> <span class='ocrx_word' id='word_1_18' title='bbox 581 335 630 380; x_wconf 88' lang='lat' dir='ltr'>et</span> <span class='ocrx_word' id='word_1_19' title='bbox 653 333 731 380; x_wconf 66' lang='lat' dir='ltr'>dis</span> <span class='ocrx_word' id='word_1_20' title='bbox 751 333 874 393; x_wconf 87' lang='grc'>163,</span> <span class='ocrx_word' id='word_1_21' title='bbox 897 335 986 394; x_wconf 90' lang='grc'>12,</span> <span class='ocrx_word' id='word_1_22' title='bbox 1017 334 1136 394; x_wconf 91' lang='grc'>164,</span> <span class='ocrx_word' id='word_1_23' title='bbox 1155 334 1248 394; x_wconf 92' lang='grc'>20,</span> <span class='ocrx_word' id='word_1_24' title='bbox 1281 333 1403 393; x_wconf 90' lang='grc'>166,</span> <span class='ocrx_word' id='word_1_25' title='bbox 1424 334 1664 394; x_wconf 87' lang='grc'>11,182,</span> <span class='ocrx_word' id='word_1_26' title='bbox 1684 335 1774 395; x_wconf 86' lang='grc'>15,</span> <span class='ocrx_word' id='word_1_27' title='bbox 1799 335 1956 398; x_wconf 76' lang='lat' dir='ltr'>voltus</span> 
     </span>
     <span class='ocr_line' id='line_1_4' title="bbox 254 407 1953 471; baseline 0.001 -17"><span class='ocrx_word' id='word_1_28' title='bbox 254 410 303 455; x_wconf 92' lang='lat' dir='ltr'>et</span> <span class='ocrx_word' id='word_1_29' title='bbox 318 409 500 468; x_wconf 71' lang='grc' dir='ltr'>υαῐίαε,</span> <span class='ocrx_word' id='word_1_30' title='bbox 518 407 707 468; x_wconf 74' lang='lat' dir='ltr'>uolyus,</span> <span class='ocrx_word' id='word_1_31' title='bbox 723 408 942 468; x_wconf 73' lang='lat' dir='ltr'>uolyaris</span> <span class='ocrx_word' id='word_1_32' title='bbox 960 409 1010 454; x_wconf 90' lang='lat' dir='ltr'>et</span> <span class='ocrx_word' id='word_1_33' title='bbox 1025 407 1218 468; x_wconf 59' lang='grc' dir='ltr'>Μαίρας,</span> <span class='ocrx_word' id='word_1_34' title='bbox 1234 407 1480 468; x_wconf 71' lang='lat' dir='ltr'>uulyaris3</span> <span class='ocrx_word' id='word_1_35' title='bbox 1498 422 1642 455; x_wconf 80' lang='lat' dir='ltr'>aecus</span> <span class='ocrx_word' id='word_1_36' title='bbox 1661 410 1784 469; x_wconf 91' lang='grc'>30,1</span> <span class='ocrx_word' id='word_1_37' title='bbox 1795 409 1849 471; x_wconf 89' lang='grc'>8,</span> <span class='ocrx_word' id='word_1_38' title='bbox 1869 409 1898 456; x_wconf 90' lang='grc'>6</span> <span class='ocrx_word' id='word_1_39' title='bbox 1908 411 1953 471; x_wconf 94' lang='grc'>1,</span> 
     </span>
     <span class='ocr_line' id='line_1_5' title="bbox 256 482 1955 544; baseline 0.002 -15"><span class='ocrx_word' id='word_1_40' title='bbox 256 483 310 544; x_wconf 90' lang='grc'>8,</span> <span class='ocrx_word' id='word_1_41' title='bbox 339 482 423 543; x_wconf 91' lang='grc'>66,</span> <span class='ocrx_word' id='word_1_42' title='bbox 444 482 536 544; x_wconf 88' lang='grc'>23,</span> <span class='ocrx_word' id='word_1_43' title='bbox 571 483 657 542; x_wconf 88' lang='lat'>81,</span> <span class='ocrx_word' id='word_1_44' title='bbox 679 484 705 529; x_wconf 92' lang='lat'>1</span> <span class='ocrx_word' id='word_1_45' title='bbox 736 483 786 529; x_wconf 89' lang='lat' dir='ltr'>et</span> <span class='ocrx_word' id='word_1_46' title='bbox 811 496 993 542; x_wconf 78' lang='lat' dir='ltr'>aequus</span> <span class='ocrx_word' id='word_1_47' title='bbox 1022 482 1255 542; x_wconf 90' lang='grc'>177,14,</span> <span class='ocrx_word' id='word_1_48' title='bbox 1290 482 1413 541; x_wconf 89' lang='grc'>233,</span> <span class='ocrx_word' id='word_1_49' title='bbox 1433 484 1486 543; x_wconf 92' lang='grc'>9,</span> <span class='ocrx_word' id='word_1_50' title='bbox 1514 483 1636 542; x_wconf 88' lang='grc'>244,</span> <span class='ocrx_word' id='word_1_51' title='bbox 1665 484 1755 543; x_wconf 91' lang='grc'>16,</span> <span class='ocrx_word' id='word_1_52' title='bbox 1779 485 1955 532; x_wconf 80' lang='lat' dir='ltr'>relicus</span> 
     </span>
     <span class='ocr_line' id='line_1_6' title="bbox 257 556 1955 619; baseline 0.002 -16"><span class='ocrx_word' id='word_1_53' title='bbox 257 557 378 617; x_wconf 88' lang='grc'>238,</span> <span class='ocrx_word' id='word_1_54' title='bbox 406 557 460 616; x_wconf 92' lang='grc'>2,</span> <span class='ocrx_word' id='word_1_55' title='bbox 493 560 720 604; x_wconf 75' lang='lat' dir='ltr'>secuntur</span> <span class='ocrx_word' id='word_1_56' title='bbox 748 556 831 618; x_wconf 89' lang='lat'>16,</span> <span class='ocrx_word' id='word_1_57' title='bbox 861 557 914 617; x_wconf 89' lang='grc'>9,</span> <span class='ocrx_word' id='word_1_58' title='bbox 942 557 1025 617; x_wconf 89' lang='grc'>23,</span> <span class='ocrx_word' id='word_1_59' title='bbox 1053 557 1143 617; x_wconf 88' lang='grc'>22,</span> <span class='ocrx_word' id='word_1_60' title='bbox 1176 556 1260 616; x_wconf 89' lang='grc'>36,</span> <span class='ocrx_word' id='word_1_61' title='bbox 1289 557 1342 617; x_wconf 91' lang='grc'>7,</span> <span class='ocrx_word' id='word_1_62' title='bbox 1369 556 1572 617; x_wconf 85' lang='grc'>84,12,</span> <span class='ocrx_word' id='word_1_63' title='bbox 1602 556 1684 618; x_wconf 91' lang='grc'>95,</span> <span class='ocrx_word' id='word_1_64' title='bbox 1705 558 1797 619; x_wconf 91' lang='grc'>28,</span> <span class='ocrx_word' id='word_1_65' title='bbox 1834 559 1955 618; x_wconf 90' lang='grc'>102,</span> 
     </span>
     <span class='ocr_line' id='line_1_7' title="bbox 259 629 1957 693; baseline 0.001 -15"><span class='ocrx_word' id='word_1_66' title='bbox 259 632 348 693; x_wconf 89' lang='grc'>14,</span> <span class='ocrx_word' id='word_1_67' title='bbox 388 632 509 687; x_wconf 83' lang='grc'>116,</span> <span class='ocrx_word' id='word_1_68' title='bbox 538 631 622 691; x_wconf 91' lang='grc'>26,</span> <span class='ocrx_word' id='word_1_69' title='bbox 657 629 743 678; x_wconf 87' lang='lat' dir='ltr'>sed</span> <span class='ocrx_word' id='word_1_70' title='bbox 771 633 1133 690; x_wconf 76' lang='lat' dir='ltr'>persequwntur</span> <span class='ocrx_word' id='word_1_71' title='bbox 1160 631 1282 691; x_wconf 90' lang='grc'>219,</span> <span class='ocrx_word' id='word_1_72' title='bbox 1308 631 1401 691; x_wconf 91' lang='grc'>21,</span> <span class='ocrx_word' id='word_1_73' title='bbox 1435 630 1658 678; x_wconf 74' lang='lat' dir='ltr'>locuntur</span> <span class='ocrx_word' id='word_1_74' title='bbox 1683 632 1806 692; x_wconf 87' lang='lat'>230,</span> <span class='ocrx_word' id='word_1_75' title='bbox 1841 633 1871 680; x_wconf 89' lang='lat'>5</span> <span class='ocrx_word' id='word_1_76' title='bbox 1906 634 1957 679; x_wconf 87' lang='lat' dir='ltr'>et</span> 
     </span>
     <span class='ocr_line' id='line_1_8' title="bbox 254 705 1957 767; baseline 0.001 -15"><span class='ocrx_word' id='word_1_77' title='bbox 254 705 520 765; x_wconf 75' lang='lat' dir='ltr'>loquuntur</span> <span class='ocrx_word' id='word_1_78' title='bbox 544 706 629 765; x_wconf 88' lang='grc'>40,</span> <span class='ocrx_word' id='word_1_79' title='bbox 659 706 751 766; x_wconf 90' lang='grc'>28,</span> <span class='ocrx_word' id='word_1_80' title='bbox 784 705 908 766; x_wconf 87' lang='grc'>201,</span> <span class='ocrx_word' id='word_1_81' title='bbox 935 706 1028 766; x_wconf 93' lang='grc'>20,</span> <span class='ocrx_word' id='word_1_82' title='bbox 1060 706 1248 764; x_wconf 74' lang='lat' dir='ltr'>optineo</span> <span class='ocrx_word' id='word_1_83' title='bbox 1267 705 1349 765; x_wconf 89' lang='grc'>15,</span> <span class='ocrx_word' id='word_1_84' title='bbox 1366 706 1456 765; x_wconf 89' lang='grc'>21,</span> <span class='ocrx_word' id='word_1_85' title='bbox 1484 706 1570 761; x_wconf 82' lang='grc'>22,</span> <span class='ocrx_word' id='word_1_86' title='bbox 1595 706 1679 766; x_wconf 92' lang='grc'>21,</span> <span class='ocrx_word' id='word_1_87' title='bbox 1703 706 1855 765; x_wconf 73' lang='lat' dir='ltr'>optuli</span> <span class='ocrx_word' id='word_1_88' title='bbox 1870 707 1957 767; x_wconf 89' lang='lat'>48,</span> 
     </span>
     <span class='ocr_line' id='line_1_9' title="bbox 259 778 1959 841; baseline 0.001 -14"><span class='ocrx_word' id='word_1_89' title='bbox 259 781 341 841; x_wconf 91' lang='lat'>12,</span> <span class='ocrx_word' id='word_1_90' title='bbox 360 779 444 827; x_wconf 90' lang='lat' dir='ltr'>sed</span> <span class='ocrx_word' id='word_1_91' title='bbox 464 780 566 827; x_wconf 84' lang='lat' dir='ltr'>0th</span> <span class='ocrx_word' id='word_1_92' title='bbox 590 780 711 840; x_wconf 88' lang='grc'>143,</span> <span class='ocrx_word' id='word_1_93' title='bbox 731 780 814 827; x_wconf 92' lang='lat'>27.</span> <span class='ocrx_word' id='word_1_94' title='bbox 846 778 907 826; x_wconf 92' lang='lat' dir='ltr'>In</span> <span class='ocrx_word' id='word_1_95' title='bbox 924 779 1001 826; x_wconf 93' lang='lat' dir='ltr'>his</span> <span class='ocrx_word' id='word_1_96' title='bbox 1026 794 1251 826; x_wconf 87' lang='lat' dir='ltr'>normam</span> <span class='ocrx_word' id='word_1_97' title='bbox 1275 781 1462 827; x_wconf 86' lang='lat' dir='ltr'>certam</span> <span class='ocrx_word' id='word_1_98' title='bbox 1485 779 1588 827; x_wconf 87' lang='lat' dir='ltr'>fere</span> <span class='ocrx_word' id='word_1_99' title='bbox 1612 779 1797 827; x_wconf 90' lang='lat' dir='ltr'>retinui</span> <span class='ocrx_word' id='word_1_100' title='bbox 1824 782 1959 828; x_wconf 86' lang='lat' dir='ltr'>vete-</span> 
     </span>
     <span class='ocr_line' id='line_1_10' title="bbox 255 853 1956 916; baseline 0 -15"><span class='ocrx_word' id='word_1_101' title='bbox 255 854 468 902; x_wconf 83' lang='lat' dir='ltr'>rioribus</span> <span class='ocrx_word' id='word_1_102' title='bbox 483 854 654 902; x_wconf 86' lang='lat' dir='ltr'>formis</span> <span class='ocrx_word' id='word_1_103' title='bbox 665 853 917 901; x_wconf 85' lang='lat' dir='ltr'>intextum</span> <span class='ocrx_word' id='word_1_104' title='bbox 926 854 1137 916; x_wconf 73' lang='lat' dir='ltr'>receptis</span> <span class='ocrx_word' id='word_1_105' title='bbox 1154 855 1241 901; x_wconf 87' lang='lat' dir='ltr'>aut</span> <span class='ocrx_word' id='word_1_106' title='bbox 1249 854 1412 916; x_wconf 89' lang='lat' dir='ltr'>primo</span> <span class='ocrx_word' id='word_1_107' title='bbox 1427 855 1556 901; x_wconf 87' lang='lat' dir='ltr'>certe</span> <span class='ocrx_word' id='word_1_108' title='bbox 1567 853 1676 902; x_wconf 94' lang='lat' dir='ltr'>loco</span> <span class='ocrx_word' id='word_1_109' title='bbox 1687 856 1956 903; x_wconf 74' lang='lat' dir='ltr'><strong>annotatis.</strong></span> 
     </span>
    </p>

    <p class='ocr_par' dir='ltr' id='par_1_3' title="bbox 211 927 1966 2259">
     <span class='ocr_line' id='line_1_11' title="bbox 332 927 1958 990; baseline -0.001 -13"><span class='ocrx_word' id='word_1_110' title='bbox 332 927 563 977; x_wconf 87' lang='lat' dir='ltr'>Ceterum</span> <span class='ocrx_word' id='word_1_111' title='bbox 587 944 685 976; x_wconf 91' lang='lat' dir='ltr'>non</span> <span class='ocrx_word' id='word_1_112' title='bbox 711 944 879 976; x_wconf 84' lang='lat' dir='ltr'>omnes</span> <span class='ocrx_word' id='word_1_113' title='bbox 904 929 1070 976; x_wconf 86' lang='lat' dir='ltr'>varias</span> <span class='ocrx_word' id='word_1_114' title='bbox 1087 928 1322 976; x_wconf 91' lang='lat' dir='ltr'>lectiones</span> <span class='ocrx_word' id='word_1_115' title='bbox 1340 945 1418 976; x_wconf 87' lang='lat' dir='ltr'>me</span> <span class='ocrx_word' id='word_1_116' title='bbox 1434 927 1482 974; x_wconf 92' lang='lat' dir='ltr'>in</span> <span class='ocrx_word' id='word_1_117' title='bbox 1505 931 1805 990; x_wconf 88' lang='lat' dir='ltr'>apparatum</span> <span class='ocrx_word' id='word_1_118' title='bbox 1822 930 1958 976; x_wconf 85' lang='lat' dir='ltr'>criti-</span> 
     </span>
     <span class='ocr_line' id='line_1_12' title="bbox 258 999 1960 1066; baseline -0.001 -15"><span class='ocrx_word' id='word_1_119' title='bbox 258 1019 368 1052; x_wconf 92' lang='lat' dir='ltr'>cum</span> <span class='ocrx_word' id='word_1_120' title='bbox 400 1002 663 1066; x_wconf 80' lang='lat' dir='ltr'>ingessisse</span> <span class='ocrx_word' id='word_1_121' title='bbox 696 1002 985 1051; x_wconf 85' lang='lat' dir='ltr'>monuerim.</span> <span class='ocrx_word' id='word_1_122' title='bbox 1032 1003 1107 1050; x_wconf 86' lang='lat' dir='ltr'>Ex</span> <span class='ocrx_word' id='word_1_123' title='bbox 1138 1006 1191 1050; x_wconf 81' lang='lat' dir='ltr'>N</span> <span class='ocrx_word' id='word_1_124' title='bbox 1223 1005 1273 1050; x_wconf 93' lang='lat' dir='ltr'>et</span> <span class='ocrx_word' id='word_1_125' title='bbox 1303 1006 1353 1051; x_wconf 86' lang='lat' dir='ltr'>R</span> <span class='ocrx_word' id='word_1_126' title='bbox 1384 1002 1525 1051; x_wconf 90' lang='lat' dir='ltr'>libris</span> <span class='ocrx_word' id='word_1_127' title='bbox 1558 1003 1759 1064; x_wconf 89' lang='lat' dir='ltr'>optimis</span> <span class='ocrx_word' id='word_1_128' title='bbox 1792 999 1960 1051; x_wconf 88' lang='lat' dir='ltr'>omnia</span> 
     </span>
     <span class='ocr_line' id='line_1_13' title="bbox 258 1077 1958 1140; baseline 0 -14"><span class='ocrx_word' id='word_1_129' title='bbox 258 1078 512 1140; x_wconf 90' lang='lat' dir='ltr'>adscripsi,</span> <span class='ocrx_word' id='word_1_130' title='bbox 547 1093 672 1139; x_wconf 90' lang='lat' dir='ltr'>quae</span> <span class='ocrx_word' id='word_1_131' title='bbox 704 1077 854 1125; x_wconf 88' lang='lat' dir='ltr'>ullius</span> <span class='ocrx_word' id='word_1_132' title='bbox 886 1078 1037 1139; x_wconf 90' lang='lat' dir='ltr'>pretii</span> <span class='ocrx_word' id='word_1_133' title='bbox 1067 1077 1224 1125; x_wconf 83' lang='lat' dir='ltr'>videri</span> <span class='ocrx_word' id='word_1_134' title='bbox 1250 1078 1464 1140; x_wconf 76' lang='lat' dir='ltr'>possent,</span> <span class='ocrx_word' id='word_1_135' title='bbox 1490 1077 1634 1125; x_wconf 91' lang='lat' dir='ltr'>omisi</span> <span class='ocrx_word' id='word_1_136' title='bbox 1657 1078 1710 1124; x_wconf 89' lang='lat' dir='ltr'>in</span> <span class='ocrx_word' id='word_1_137' title='bbox 1733 1078 1810 1126; x_wconf 92' lang='lat' dir='ltr'>his</span> <span class='ocrx_word' id='word_1_138' title='bbox 1837 1094 1958 1139; x_wconf 89' lang='lat' dir='ltr'>quo-</span> 
     </span>
     <span class='ocr_line' id='line_1_14' title="bbox 260 1151 1960 1215; baseline 0.001 -16"><span class='ocrx_word' id='word_1_139' title='bbox 260 1168 352 1215; x_wconf 93' lang='lat' dir='ltr'>que</span> <span class='ocrx_word' id='word_1_140' title='bbox 384 1153 544 1200; x_wconf 87' lang='lat' dir='ltr'>multa</span> <span class='ocrx_word' id='word_1_141' title='bbox 577 1152 757 1200; x_wconf 84' lang='lat' dir='ltr'>calami</span> <span class='ocrx_word' id='word_1_142' title='bbox 786 1152 965 1200; x_wconf 86' lang='lat' dir='ltr'>menda</span> <span class='ocrx_word' id='word_1_143' title='bbox 996 1152 1276 1213; x_wconf 84' lang='lat' dir='ltr'>manifesta,</span> <span class='ocrx_word' id='word_1_144' title='bbox 1309 1151 1478 1214; x_wconf 87' lang='lat' dir='ltr'>qualia</span> <span class='ocrx_word' id='word_1_145' title='bbox 1509 1167 1659 1214; x_wconf 91' lang='lat' dir='ltr'>supra</span> <span class='ocrx_word' id='word_1_146' title='bbox 1682 1168 1728 1213; x_wconf 92' lang='lat' dir='ltr'>p.</span> <span class='ocrx_word' id='word_1_147' title='bbox 1754 1152 1853 1199; x_wconf 91' lang='lat' dir='ltr'>VII</span> <span class='ocrx_word' id='word_1_148' title='bbox 1879 1152 1960 1200; x_wconf 91' lang='lat' dir='ltr'>de-</span> 
     </span>
     <span class='ocr_line' id='line_1_15' title="bbox 258 1225 1960 1289; baseline 0 -15"><span class='ocrx_word' id='word_1_149' title='bbox 258 1228 411 1289; x_wconf 89' lang='lat' dir='ltr'>pinxi,</span> <span class='ocrx_word' id='word_1_150' title='bbox 445 1227 543 1276; x_wconf 91' lang='lat' dir='ltr'>nisi</span> <span class='ocrx_word' id='word_1_151' title='bbox 578 1242 635 1274; x_wconf 87' lang='lat' dir='ltr'>ex</span> <span class='ocrx_word' id='word_1_152' title='bbox 669 1226 745 1274; x_wconf 92' lang='lat' dir='ltr'>his</span> <span class='ocrx_word' id='word_1_153' title='bbox 783 1227 953 1288; x_wconf 89' lang='lat' dir='ltr'>aliqua</span> <span class='ocrx_word' id='word_1_154' title='bbox 983 1225 1067 1272; x_wconf 86' lang='lat' dir='ltr'>lux</span> <span class='ocrx_word' id='word_1_155' title='bbox 1093 1225 1156 1273; x_wconf 89' lang='lat' dir='ltr'>ad</span> <span class='ocrx_word' id='word_1_156' title='bbox 1191 1226 1414 1274; x_wconf 92' lang='lat' dir='ltr'>codicum</span> <span class='ocrx_word' id='word_1_157' title='bbox 1444 1226 1856 1275; x_wconf 74' lang='lat' dir='ltr'>necessitudinem</span> <span class='ocrx_word' id='word_1_158' title='bbox 1880 1226 1960 1274; x_wconf 90' lang='lat' dir='ltr'>de-</span> 
     </span>
     <span class='ocr_line' id='line_1_16' title="bbox 258 1299 1960 1365; baseline -0.001 -16"><span class='ocrx_word' id='word_1_159' title='bbox 258 1302 524 1349; x_wconf 88' lang='lat' dir='ltr'>finiendam</span> <span class='ocrx_word' id='word_1_160' title='bbox 550 1301 784 1365; x_wconf 88' lang='lat' dir='ltr'>effulgere</span> <span class='ocrx_word' id='word_1_161' title='bbox 808 1302 1021 1363; x_wconf 83' lang='lat' dir='ltr'>poterat.</span> <span class='ocrx_word' id='word_1_162' title='bbox 1068 1299 1127 1347; x_wconf 93' lang='lat' dir='ltr'>In</span> <span class='ocrx_word' id='word_1_163' title='bbox 1151 1300 1370 1362; x_wconf 88' lang='lat' dir='ltr'>reliquis,</span> <span class='ocrx_word' id='word_1_164' title='bbox 1395 1302 1661 1363; x_wconf 81' lang='lat' dir='ltr'>praecipue</span> <span class='ocrx_word' id='word_1_165' title='bbox 1686 1302 1738 1348; x_wconf 92' lang='lat' dir='ltr'>in</span> <span class='ocrx_word' id='word_1_166' title='bbox 1764 1305 1817 1362; x_wconf 88' lang='lat' dir='ltr'>S,</span> <span class='ocrx_word' id='word_1_167' title='bbox 1840 1300 1960 1348; x_wconf 89' lang='lat' dir='ltr'>libe-</span> 
     </span>
     <span class='ocr_line' id='line_1_17' title="bbox 259 1374 1962 1439; baseline -0.001 -15"><span class='ocrx_word' id='word_1_168' title='bbox 259 1378 361 1424; x_wconf 91' lang='lat' dir='ltr'>rius</span> <span class='ocrx_word' id='word_1_169' title='bbox 401 1391 479 1423; x_wconf 90' lang='lat' dir='ltr'>me</span> <span class='ocrx_word' id='word_1_170' title='bbox 519 1377 600 1439; x_wconf 87' lang='lat' dir='ltr'>egi</span> <span class='ocrx_word' id='word_1_171' title='bbox 628 1375 853 1438; x_wconf 90' lang='lat' dir='ltr'>talesque</span> <span class='ocrx_word' id='word_1_172' title='bbox 885 1374 1191 1436; x_wconf 83' lang='lat' dir='ltr'>corruptelas</span> <span class='ocrx_word' id='word_1_173' title='bbox 1225 1374 1384 1422; x_wconf 90' lang='lat' dir='ltr'>abieci</span> <span class='ocrx_word' id='word_1_174' title='bbox 1413 1376 1610 1423; x_wconf 88' lang='lat' dir='ltr'>tantum</span> <span class='ocrx_word' id='word_1_175' title='bbox 1640 1392 1740 1423; x_wconf 91' lang='lat' dir='ltr'>non</span> <span class='ocrx_word' id='word_1_176' title='bbox 1772 1390 1962 1437; x_wconf 84' lang='lat' dir='ltr'>omnes3</span> 
     </span>
     <span class='ocr_line' id='line_1_18' title="bbox 261 1449 1961 1513; baseline -0.001 -14"><span class='ocrx_word' id='word_1_177' title='bbox 261 1453 330 1499; x_wconf 89' lang='lat' dir='ltr'>sic</span> <span class='ocrx_word' id='word_1_178' title='bbox 354 1451 563 1513; x_wconf 86' lang='lat' dir='ltr'>litteras,</span> <span class='ocrx_word' id='word_1_179' title='bbox 588 1449 821 1513; x_wconf 86' lang='lat' dir='ltr'>syllabas,</span> <span class='ocrx_word' id='word_1_180' title='bbox 847 1449 1012 1511; x_wconf 89' lang='lat' dir='ltr'>verba,</span> <span class='ocrx_word' id='word_1_181' title='bbox 1036 1451 1187 1497; x_wconf 90' lang='lat' dir='ltr'>immo</span> <span class='ocrx_word' id='word_1_182' title='bbox 1212 1451 1320 1497; x_wconf 90' lang='lat' dir='ltr'>tota</span> <span class='ocrx_word' id='word_1_183' title='bbox 1346 1450 1617 1513; x_wconf 84' lang='lat' dir='ltr'>enuntiata,</span> <span class='ocrx_word' id='word_1_184' title='bbox 1637 1465 1762 1511; x_wconf 88' lang='lat' dir='ltr'>quae</span> <span class='ocrx_word' id='word_1_185' title='bbox 1786 1451 1839 1497; x_wconf 93' lang='lat' dir='ltr'>in</span> <span class='ocrx_word' id='word_1_186' title='bbox 1862 1465 1961 1498; x_wconf 92' lang='lat' dir='ltr'>uno</span> 
     </span>
     <span class='ocr_line' id='line_1_19' title="bbox 261 1517 1962 1590; baseline -0.001 -16"><span class='ocrx_word' id='word_1_187' title='bbox 261 1527 480 1574; x_wconf 84' lang='lat' dir='ltr'>alterove</span> <span class='ocrx_word' id='word_1_188' title='bbox 505 1525 671 1573; x_wconf 90' lang='lat' dir='ltr'>codice</span> <span class='ocrx_word' id='word_1_189' title='bbox 696 1525 886 1586; x_wconf 86' lang='lat' dir='ltr'>desunt,</span> <span class='ocrx_word' id='word_1_190' title='bbox 912 1525 963 1572; x_wconf 90' lang='lat' dir='ltr'>in</span> <span class='ocrx_word' id='word_1_191' title='bbox 989 1526 1238 1586; x_wconf 87' lang='lat' dir='ltr'>apparatu</span> <span class='ocrx_word' id='word_1_192' title='bbox 1263 1540 1458 1587; x_wconf 89' lang='lat' dir='ltr'>quoque</span> <span class='ocrx_word' id='word_1_193' title='bbox 1482 1524 1648 1572; x_wconf 86' lang='lat' dir='ltr'>deesse</span> <span class='ocrx_word' id='word_1_194' title='bbox 1667 1524 1801 1573; x_wconf 89' lang='lat' dir='ltr'>volui</span> <span class='ocrx_word' id='word_1_195' title='bbox 1814 1517 1855 1590; x_wconf 86' lang='lat'>¹)</span> <span class='ocrx_word' id='word_1_196' title='bbox 1874 1539 1962 1572; x_wconf 89' lang='lat' dir='ltr'>nec</span> 
     </span>
     <span class='ocr_line' id='line_1_20' title="bbox 261 1598 1963 1662; baseline -0.001 -14"><span class='ocrx_word' id='word_1_197' title='bbox 261 1602 426 1648; x_wconf 90' lang='lat' dir='ltr'>minus</span> <span class='ocrx_word' id='word_1_198' title='bbox 470 1599 622 1648; x_wconf 89' lang='lat' dir='ltr'>verba</span> <span class='ocrx_word' id='word_1_199' title='bbox 663 1598 982 1662; x_wconf 87' lang='lat' dir='ltr'>transposita,</span> <span class='ocrx_word' id='word_1_200' title='bbox 1023 1599 1307 1646; x_wconf 82' lang='lat' dir='ltr'>litterarum</span> <span class='ocrx_word' id='word_1_201' title='bbox 1345 1599 1656 1647; x_wconf 89' lang='lat' dir='ltr'>confusiones</span> <span class='ocrx_word' id='word_1_202' title='bbox 1688 1599 1963 1659; x_wconf 89' lang='lat' dir='ltr'>sollemnes,</span> 
     </span>
     <span class='ocr_line' id='line_1_21' title="bbox 261 1674 1965 1736; baseline -0.002 -12"><span class='ocrx_word' id='word_1_203' title='bbox 261 1691 404 1724; x_wconf 88' lang='lat' dir='ltr'>voces</span> <span class='ocrx_word' id='word_1_204' title='bbox 428 1675 504 1723; x_wconf 87' lang='lat' dir='ltr'>bis</span> <span class='ocrx_word' id='word_1_205' title='bbox 538 1676 760 1736; x_wconf 89' lang='lat' dir='ltr'>scriptas,</span> <span class='ocrx_word' id='word_1_206' title='bbox 787 1675 1199 1722; x_wconf 91' lang='lat' dir='ltr'>commutationes</span> <span class='ocrx_word' id='word_1_207' title='bbox 1230 1674 1590 1736; x_wconf 89' lang='lat' dir='ltr'>particularum</span> <span class='ocrx_word' id='word_1_208' title='bbox 1623 1676 1666 1721; x_wconf 80' lang='lat' dir='ltr'>et</span> <span class='ocrx_word' id='word_1_209' title='bbox 1695 1675 1745 1720; x_wconf 93' lang='lat' dir='ltr'>et</span> <span class='ocrx_word' id='word_1_210' title='bbox 1777 1687 1848 1730; x_wconf 85' lang='lat' dir='ltr'>ac,</span> <span class='ocrx_word' id='word_1_211' title='bbox 1878 1688 1965 1721; x_wconf 75' lang='lat' dir='ltr'>nec</span> 
     </span>
     <span class='ocr_line' id='line_1_22' title="bbox 263 1747 1965 1810; baseline -0.002 -12"><span class='ocrx_word' id='word_1_212' title='bbox 263 1753 313 1798; x_wconf 88' lang='lat' dir='ltr'>et</span> <span class='ocrx_word' id='word_1_213' title='bbox 335 1765 500 1810; x_wconf 69' lang='lat' dir='ltr'>neque,</span> <span class='ocrx_word' id='word_1_214' title='bbox 526 1753 626 1796; x_wconf 78' lang='lat' dir='ltr'>tum</span> <span class='ocrx_word' id='word_1_215' title='bbox 649 1750 699 1797; x_wconf 91' lang='lat' dir='ltr'>et</span> <span class='ocrx_word' id='word_1_216' title='bbox 723 1752 850 1805; x_wconf 77' lang='lat' dir='ltr'>tunc,</span> <span class='ocrx_word' id='word_1_217' title='bbox 867 1749 984 1809; x_wconf 75' lang='lat' dir='ltr'>quid</span> <span class='ocrx_word' id='word_1_218' title='bbox 1009 1750 1059 1796; x_wconf 92' lang='lat' dir='ltr'>et</span> <span class='ocrx_word' id='word_1_219' title='bbox 1076 1749 1202 1808; x_wconf 80' lang='lat' dir='ltr'>quod</span> <span class='ocrx_word' id='word_1_220' title='bbox 1220 1750 1308 1796; x_wconf 91' lang='lat' dir='ltr'>etc.</span> <span class='ocrx_word' id='word_1_221' title='bbox 1326 1748 1546 1810; x_wconf 84' lang='lat' dir='ltr'>taliaque</span> <span class='ocrx_word' id='word_1_222' title='bbox 1565 1747 1731 1796; x_wconf 87' lang='lat' dir='ltr'>omnia</span> <span class='ocrx_word' id='word_1_223' title='bbox 1746 1750 1965 1810; x_wconf 87' lang='lat' dir='ltr'>praeter-</span> 
     </span>
     <span class='ocr_line' id='line_1_23' title="bbox 263 1821 1966 1873; baseline -0.002 -1"><span class='ocrx_word' id='word_1_224' title='bbox 263 1825 375 1873; x_wconf 90' lang='lat' dir='ltr'>misi</span> <span class='ocrx_word' id='word_1_225' title='bbox 413 1840 502 1873; x_wconf 89' lang='lat' dir='ltr'>nec</span> <span class='ocrx_word' id='word_1_226' title='bbox 542 1824 605 1871; x_wconf 88' lang='lat' dir='ltr'>ad</span> <span class='ocrx_word' id='word_1_227' title='bbox 642 1825 835 1871; x_wconf 89' lang='lat' dir='ltr'>textum</span> <span class='ocrx_word' id='word_1_228' title='bbox 876 1823 1239 1871; x_wconf 83' lang='lat' dir='ltr'>restituendum</span> <span class='ocrx_word' id='word_1_229' title='bbox 1279 1838 1366 1871; x_wconf 88' lang='lat' dir='ltr'>nec</span> <span class='ocrx_word' id='word_1_230' title='bbox 1406 1823 1468 1870; x_wconf 89' lang='lat' dir='ltr'>ad</span> <span class='ocrx_word' id='word_1_231' title='bbox 1501 1821 1725 1870; x_wconf 87' lang='lat' dir='ltr'>codicum</span> <span class='ocrx_word' id='word_1_232' title='bbox 1757 1824 1966 1870; x_wconf 90' lang='lat' dir='ltr'>stemma</span> 
     </span>
     <span class='ocr_line' id='line_1_24' title="bbox 263 1897 1963 1959; baseline -0.002 -12"><span class='ocrx_word' id='word_1_233' title='bbox 263 1898 616 1948; x_wconf 88' lang='lat' dir='ltr'>illustrandum</span> <span class='ocrx_word' id='word_1_234' title='bbox 639 1898 791 1945; x_wconf 89' lang='lat' dir='ltr'>ullius</span> <span class='ocrx_word' id='word_1_235' title='bbox 816 1899 1068 1946; x_wconf 90' lang='lat' dir='ltr'>momenti.</span> <span class='ocrx_word' id='word_1_236' title='bbox 1115 1898 1287 1959; x_wconf 89' lang='lat' dir='ltr'>Neque</span> <span class='ocrx_word' id='word_1_237' title='bbox 1312 1898 1477 1959; x_wconf 92' lang='lat' dir='ltr'>timeo,</span> <span class='ocrx_word' id='word_1_238' title='bbox 1503 1913 1564 1945; x_wconf 92' lang='lat' dir='ltr'>ne</span> <span class='ocrx_word' id='word_1_239' title='bbox 1591 1898 1701 1959; x_wconf 90' lang='lat' dir='ltr'>quis</span> <span class='ocrx_word' id='word_1_240' title='bbox 1725 1897 1818 1944; x_wconf 92' lang='lat' dir='ltr'>hoc</span> <span class='ocrx_word' id='word_1_241' title='bbox 1842 1897 1963 1944; x_wconf 90' lang='lat' dir='ltr'>mihi</span> 
     </span>
     <span class='ocr_line' id='line_1_25' title="bbox 211 1972 1966 2035; baseline -0.003 -11"><span class='ocrx_word' id='word_1_242' title='bbox 211 2021 214 2024; x_wconf 81' lang='grc'>,</span> <span class='ocrx_word' id='word_1_243' title='bbox 265 1975 460 2023; x_wconf 89' lang='lat' dir='ltr'>crimini</span> <span class='ocrx_word' id='word_1_244' title='bbox 490 1973 695 2035; x_wconf 90' lang='lat' dir='ltr'>tribuat,</span> <span class='ocrx_word' id='word_1_245' title='bbox 726 1974 877 2020; x_wconf 92' lang='lat' dir='ltr'>immo</span> <span class='ocrx_word' id='word_1_246' title='bbox 910 1989 970 2020; x_wconf 89' lang='lat' dir='ltr'>ne</span> <span class='ocrx_word' id='word_1_247' title='bbox 1002 1972 1181 2019; x_wconf 91' lang='lat' dir='ltr'>talium</span> <span class='ocrx_word' id='word_1_248' title='bbox 1212 1973 1359 2019; x_wconf 87' lang='lat' dir='ltr'>nimis</span> <span class='ocrx_word' id='word_1_249' title='bbox 1390 1973 1550 2019; x_wconf 89' lang='lat' dir='ltr'>multa</span> <span class='ocrx_word' id='word_1_250' title='bbox 1581 1986 1739 2034; x_wconf 91' lang='lat' dir='ltr'>aequo</span> <span class='ocrx_word' id='word_1_251' title='bbox 1773 1972 1966 2019; x_wconf 88' lang='lat' dir='ltr'>cautior</span> 
     </span>
     <span class='ocr_line' id='line_1_26' title="bbox 265 2046 1966 2109; baseline -0.002 -13"><span class='ocrx_word' id='word_1_252' title='bbox 265 2049 383 2096; x_wconf 90' lang='lat' dir='ltr'>illuc</span> <span class='ocrx_word' id='word_1_253' title='bbox 414 2049 716 2108; x_wconf 91' lang='lat' dir='ltr'>intruserim,</span> <span class='ocrx_word' id='word_1_254' title='bbox 750 2063 876 2109; x_wconf 88' lang='lat' dir='ltr'>quae</span> <span class='ocrx_word' id='word_1_255' title='bbox 909 2049 1207 2109; x_wconf 87' lang='lat' dir='ltr'>apparatum</span> <span class='ocrx_word' id='word_1_256' title='bbox 1232 2062 1342 2094; x_wconf 91' lang='lat' dir='ltr'>cum</span> <span class='ocrx_word' id='word_1_257' title='bbox 1366 2046 1513 2094; x_wconf 91' lang='lat' dir='ltr'>nimis</span> <span class='ocrx_word' id='word_1_258' title='bbox 1538 2046 1795 2108; x_wconf 88' lang='lat' dir='ltr'>impleant,</span> <span class='ocrx_word' id='word_1_259' title='bbox 1819 2046 1966 2093; x_wconf 87' lang='lat' dir='ltr'>nimis</span> 
     </span>
     <span class='ocr_line' id='line_1_27' title="bbox 265 2121 1966 2184; baseline -0.003 -12"><span class='ocrx_word' id='word_1_260' title='bbox 265 2123 484 2172; x_wconf 88' lang='lat' dir='ltr'>turbant.</span> <span class='ocrx_word' id='word_1_261' title='bbox 519 2121 616 2170; x_wconf 86' lang='lat' dir='ltr'>Sed</span> <span class='ocrx_word' id='word_1_262' title='bbox 638 2123 692 2169; x_wconf 89' lang='lat' dir='ltr'>in</span> <span class='ocrx_word' id='word_1_263' title='bbox 715 2122 808 2169; x_wconf 90' lang='lat' dir='ltr'>hac</span> <span class='ocrx_word' id='word_1_264' title='bbox 831 2138 882 2169; x_wconf 89' lang='lat' dir='ltr'>re</span> <span class='ocrx_word' id='word_1_265' title='bbox 907 2121 1058 2184; x_wconf 88' lang='lat' dir='ltr'>paulo</span> <span class='ocrx_word' id='word_1_266' title='bbox 1076 2122 1291 2184; x_wconf 86' lang='lat' dir='ltr'>largiore</span> <span class='ocrx_word' id='word_1_267' title='bbox 1308 2136 1458 2175; x_wconf 88' lang='lat' dir='ltr'>manu</span> <span class='ocrx_word' id='word_1_268' title='bbox 1477 2121 1644 2182; x_wconf 91' lang='lat' dir='ltr'>copias</span> <span class='ocrx_word' id='word_1_269' title='bbox 1661 2136 1795 2168; x_wconf 82' lang='lat' dir='ltr'>meas</span> <span class='ocrx_word' id='word_1_270' title='bbox 1814 2121 1966 2168; x_wconf 87' lang='lat' dir='ltr'>effun—</span> 
     </span>
     <span class='ocr_line' id='line_1_28' title="bbox 267 2195 1513 2259; baseline -0.002 -13"><span class='ocrx_word' id='word_1_271' title='bbox 267 2198 380 2246; x_wconf 90' lang='lat' dir='ltr'>dere</span> <span class='ocrx_word' id='word_1_272' title='bbox 411 2197 568 2245; x_wconf 91' lang='lat' dir='ltr'>malui</span> <span class='ocrx_word' id='word_1_273' title='bbox 600 2213 749 2259; x_wconf 88' lang='lat' dir='ltr'>quam</span> <span class='ocrx_word' id='word_1_274' title='bbox 781 2197 1034 2258; x_wconf 88' lang='lat' dir='ltr'>periturae</span> <span class='ocrx_word' id='word_1_275' title='bbox 1066 2211 1267 2258; x_wconf 87' lang='lat' dir='ltr'>parcere</span> <span class='ocrx_word' id='word_1_276' title='bbox 1297 2195 1513 2244; x_wconf 89' lang='lat' dir='ltr'>chartae.</span> 
     </span>
    </p>

    <p class='ocr_par' dir='ltr' id='par_1_4' title="bbox 269 2269 1973 2856">
     <span class='ocr_line' id='line_1_29' title="bbox 341 2269 1966 2335; baseline -0.001 -15"><span class='ocrx_word' id='word_1_277' title='bbox 341 2273 446 2320; x_wconf 85' lang='lat' dir='ltr'>Iam</span> <span class='ocrx_word' id='word_1_278' title='bbox 474 2271 806 2335; x_wconf 89' lang='lat' dir='ltr'>perlustratis,</span> <span class='ocrx_word' id='word_1_279' title='bbox 825 2286 951 2333; x_wconf 88' lang='lat' dir='ltr'>quae</span> <span class='ocrx_word' id='word_1_280' title='bbox 976 2271 1098 2318; x_wconf 91' lang='lat' dir='ltr'>mihi</span> <span class='ocrx_word' id='word_1_281' title='bbox 1123 2272 1373 2333; x_wconf 89' lang='lat' dir='ltr'>proposui,</span> <span class='ocrx_word' id='word_1_282' title='bbox 1391 2271 1509 2318; x_wconf 88' lang='lat' dir='ltr'>licet</span> <span class='ocrx_word' id='word_1_283' title='bbox 1531 2270 1645 2319; x_wconf 84' lang='lat' dir='ltr'>vela</span> <span class='ocrx_word' id='word_1_284' title='bbox 1668 2269 1966 2318; x_wconf 87' lang='lat' dir='ltr'>contrahere.</span> 
     </span>
     <span class='ocr_line' id='line_1_30' title="bbox 270 2343 1969 2409; baseline -0.002 -14"><span class='ocrx_word' id='word_1_285' title='bbox 270 2347 367 2396; x_wconf 82' lang='lat' dir='ltr'>Sed</span> <span class='ocrx_word' id='word_1_286' title='bbox 404 2364 464 2395; x_wconf 88' lang='lat' dir='ltr'>ne</span> <span class='ocrx_word' id='word_1_287' title='bbox 503 2348 640 2409; x_wconf 91' lang='lat' dir='ltr'>prius</span> <span class='ocrx_word' id='word_1_288' title='bbox 679 2361 841 2393; x_wconf 91' lang='lat' dir='ltr'>meum</span> <span class='ocrx_word' id='word_1_289' title='bbox 883 2346 1073 2405; x_wconf 75' lang='lat' dir='ltr'>explicit</span> <span class='ocrx_word' id='word_1_290' title='bbox 1108 2346 1311 2406; x_wconf 72' lang='lat' dir='ltr'>feliciter</span> <span class='ocrx_word' id='word_1_291' title='bbox 1341 2346 1418 2393; x_wconf 89' lang='lat' dir='ltr'>his</span> <span class='ocrx_word' id='word_1_292' title='bbox 1456 2345 1619 2393; x_wconf 86' lang='lat' dir='ltr'>verbis</span> <span class='ocrx_word' id='word_1_293' title='bbox 1651 2343 1969 2406; x_wconf 88' lang='lat' dir='ltr'>subscribam,</span> 
     </span>
     <span class='ocr_line' id='line_1_31' title="bbox 269 2418 1969 2485; baseline -0.003 -15"><span class='ocrx_word' id='word_1_294' title='bbox 269 2438 420 2485; x_wconf 88' lang='lat' dir='ltr'>quam</span> <span class='ocrx_word' id='word_1_295' title='bbox 437 2437 649 2484; x_wconf 91' lang='lat' dir='ltr'>quorum</span> <span class='ocrx_word' id='word_1_296' title='bbox 666 2420 968 2468; x_wconf 89' lang='lat' dir='ltr'>adminiculo</span> <span class='ocrx_word' id='word_1_297' title='bbox 986 2420 1038 2467; x_wconf 91' lang='lat' dir='ltr'>in</span> <span class='ocrx_word' id='word_1_298' title='bbox 1057 2435 1202 2482; x_wconf 89' lang='lat' dir='ltr'>opere</span> <span class='ocrx_word' id='word_1_299' title='bbox 1218 2435 1327 2467; x_wconf 90' lang='lat' dir='ltr'>meo</span> <span class='ocrx_word' id='word_1_300' title='bbox 1344 2419 1643 2482; x_wconf 91' lang='lat' dir='ltr'>perficiendo</span> <span class='ocrx_word' id='word_1_301' title='bbox 1661 2420 1753 2467; x_wconf 91' lang='lat' dir='ltr'>sim</span> <span class='ocrx_word' id='word_1_302' title='bbox 1771 2418 1969 2466; x_wconf 87' lang='lat' dir='ltr'>adiutus</span> 
     </span>
     <span class='ocr_line' id='line_1_32' title="bbox 271 2493 1969 2557; baseline -0.002 -13"><span class='ocrx_word' id='word_1_303' title='bbox 271 2498 476 2544; x_wconf 88' lang='lat' dir='ltr'>memori</span> <span class='ocrx_word' id='word_1_304' title='bbox 507 2497 671 2544; x_wconf 86' lang='lat' dir='ltr'>mente</span> <span class='ocrx_word' id='word_1_305' title='bbox 695 2495 1032 2557; x_wconf 87' lang='lat' dir='ltr'>pronuntiavi,</span> <span class='ocrx_word' id='word_1_306' title='bbox 1065 2497 1115 2542; x_wconf 92' lang='lat' dir='ltr'>et</span> <span class='ocrx_word' id='word_1_307' title='bbox 1144 2493 1261 2542; x_wconf 90' lang='lat' dir='ltr'>libri</span> <span class='ocrx_word' id='word_1_308' title='bbox 1290 2495 1446 2557; x_wconf 87' lang='lat' dir='ltr'>ipsius</span> <span class='ocrx_word' id='word_1_309' title='bbox 1478 2495 1799 2556; x_wconf 90' lang='lat' dir='ltr'>praecipuum</span> <span class='ocrx_word' id='word_1_310' title='bbox 1825 2509 1969 2556; x_wconf 88' lang='lat' dir='ltr'>argu-</span> 
     </span>
     <span class='ocr_line' id='line_1_33' title="bbox 271 2567 1970 2633; baseline -0.002 -14"><span class='ocrx_word' id='word_1_311' title='bbox 271 2573 493 2619; x_wconf 90' lang='lat' dir='ltr'>mentum</span> <span class='ocrx_word' id='word_1_312' title='bbox 531 2572 701 2618; x_wconf 92' lang='lat' dir='ltr'>monet</span> <span class='ocrx_word' id='word_1_313' title='bbox 739 2571 789 2617; x_wconf 91' lang='lat' dir='ltr'>et</span> <span class='ocrx_word' id='word_1_314' title='bbox 826 2569 958 2633; x_wconf 87' lang='lat' dir='ltr'>grati</span> <span class='ocrx_word' id='word_1_315' title='bbox 989 2569 1144 2616; x_wconf 89' lang='lat' dir='ltr'>animi</span> <span class='ocrx_word' id='word_1_316' title='bbox 1175 2568 1471 2616; x_wconf 88' lang='lat' dir='ltr'>desiderium</span> <span class='ocrx_word' id='word_1_317' title='bbox 1502 2568 1730 2631; x_wconf 90' lang='lat' dir='ltr'>impellit.</span> <span class='ocrx_word' id='word_1_318' title='bbox 1793 2567 1970 2629; x_wconf 88' lang='lat' dir='ltr'>Itaque</span> 
     </span>
     <span class='ocr_line' id='line_1_34' title="bbox 273 2642 1969 2710; baseline -0.003 -17"><span class='ocrx_word' id='word_1_319' title='bbox 273 2646 459 2710; x_wconf 86' lang='lat' dir='ltr'>gratias</span> <span class='ocrx_word' id='word_1_320' title='bbox 475 2645 646 2707; x_wconf 88' lang='lat' dir='ltr'>palam</span> <span class='ocrx_word' id='word_1_321' title='bbox 663 2660 756 2708; x_wconf 89' lang='lat' dir='ltr'>ago</span> <span class='ocrx_word' id='word_1_322' title='bbox 773 2658 992 2692; x_wconf 90' lang='lat' dir='ltr'>summas</span> <span class='ocrx_word' id='word_1_323' title='bbox 1009 2643 1272 2706; x_wconf 88' lang='lat' dir='ltr'>praefectis</span> <span class='ocrx_word' id='word_1_324' title='bbox 1287 2643 1699 2692; x_wconf 89' lang='lat' dir='ltr'>bibliothecarum</span> <span class='ocrx_word' id='word_1_325' title='bbox 1713 2642 1969 2689; x_wconf 81' lang='lat' dir='ltr'>Erfurten-</span> 
     </span>
     <span class='ocr_line' id='line_1_35' title="bbox 271 2716 1970 2782; baseline -0.003 -14"><span class='ocrx_word' id='word_1_326' title='bbox 271 2722 358 2782; x_wconf 91' lang='lat' dir='ltr'>sis,</span> <span class='ocrx_word' id='word_1_327' title='bbox 393 2719 832 2781; x_wconf 82' lang='lat' dir='ltr'>Guelferbytanae,</span> <span class='ocrx_word' id='word_1_328' title='bbox 864 2718 1198 2779; x_wconf 89' lang='lat' dir='ltr'>Monacensis,</span> <span class='ocrx_word' id='word_1_329' title='bbox 1239 2717 1661 2778; x_wconf 89' lang='lat' dir='ltr'>Monasteriensis,</span> <span class='ocrx_word' id='word_1_330' title='bbox 1700 2716 1970 2777; x_wconf 86' lang='lat' dir='ltr'>Parisinae,</span> 
     </span>
     <span class='ocr_line' id='line_1_36' title="bbox 272 2789 1973 2856; baseline -0.004 -13"><span class='ocrx_word' id='word_1_331' title='bbox 272 2794 692 2856; x_wconf 83' lang='lat' dir='ltr'>Vratislaviensis,</span> <span class='ocrx_word' id='word_1_332' title='bbox 724 2793 812 2855; x_wconf 90' lang='lat' dir='ltr'>qui</span> <span class='ocrx_word' id='word_1_333' title='bbox 843 2795 901 2840; x_wconf 91' lang='lat' dir='ltr'>ut</span> <span class='ocrx_word' id='word_1_334' title='bbox 923 2792 1170 2840; x_wconf 88' lang='lat' dir='ltr'>thesauris</span> <span class='ocrx_word' id='word_1_335' title='bbox 1203 2791 1306 2840; x_wconf 89' lang='lat' dir='ltr'>suis</span> <span class='ocrx_word' id='word_1_336' title='bbox 1332 2794 1420 2840; x_wconf 91' lang='lat' dir='ltr'>aut</span> <span class='ocrx_word' id='word_1_337' title='bbox 1452 2793 1600 2839; x_wconf 90' lang='lat' dir='ltr'>antea</span> <span class='ocrx_word' id='word_1_338' title='bbox 1625 2793 1712 2840; x_wconf 90' lang='lat' dir='ltr'>aut</span> <span class='ocrx_word' id='word_1_339' title='bbox 1742 2806 1873 2838; x_wconf 89' lang='lat' dir='ltr'>nunc</span> <span class='ocrx_word' id='word_1_340' title='bbox 1897 2789 1973 2838; x_wconf 90' lang='lat' dir='ltr'>uti</span> 
     </span>
    </p>
   </div>
   <div class='ocr_carea' id='block_1_3' title="bbox 351 2948 1755 3010">
    <p class='ocr_par' dir='ltr' id='par_1_5' title="bbox 351 2948 1755 3010">
     <span class='ocr_line' id='line_1_37' title="bbox 351 2948 1755 3010; baseline -0.003 -15"><span class='ocrx_word' id='word_1_341' title='bbox 351 2953 393 3010; x_wconf 94' lang='lat'>1)</span> <span class='ocrx_word' id='word_1_342' title='bbox 427 2951 503 2995; x_wconf 88' lang='lat' dir='ltr'>Sic</span> <span class='ocrx_word' id='word_1_343' title='bbox 534 2951 751 3009; x_wconf 87' lang='lat' dir='ltr'>plurima,</span> <span class='ocrx_word' id='word_1_344' title='bbox 785 2964 907 3007; x_wconf 86' lang='lat' dir='ltr'>quae</span> <span class='ocrx_word' id='word_1_345' title='bbox 939 2951 988 2995; x_wconf 89' lang='lat' dir='ltr'>in</span> <span class='ocrx_word' id='word_1_346' title='bbox 1021 2954 1056 2993; x_wconf 73' lang='lat' dir='ltr'>G</span> <span class='ocrx_word' id='word_1_347' title='bbox 1088 2949 1245 2994; x_wconf 87' lang='lat' dir='ltr'>omitti</span> <span class='ocrx_word' id='word_1_348' title='bbox 1277 2961 1419 3006; x_wconf 83' lang='lat' dir='ltr'>supra</span> <span class='ocrx_word' id='word_1_349' title='bbox 1449 2964 1495 3006; x_wconf 88' lang='lat' dir='ltr'>p.</span> <span class='ocrx_word' id='word_1_350' title='bbox 1529 2949 1612 2993; x_wconf 93' lang='lat' dir='ltr'>XII</span> <span class='ocrx_word' id='word_1_351' title='bbox 1645 2948 1755 2992; x_wconf 84' lang='lat' dir='ltr'>dixi.</span> 
     </span>
    </p>
   </div>
  </div>
 </body>
</html>
