2020 3132
674 622 1229 686 PRAEFATIO

177 778 427 840 Codicum,
461 777 549 840 qui
575 776 789 825 Senecae
821 775 881 823 de
912 774 1163 824 beneficiis
1194 775 1245 822 et
1274 773 1335 822 de
1359 774 1625 822 clementia
1646 774 1801 823 libros

102 853 322 914 tradunt,
353 853 500 917 longe
545 851 765 915 primum
810 852 951 898 tenet
995 849 1160 898 locum
1197 839 1325 898 liber
1362 848 1802 898 Laureshamensis

102 929 150 976 S.
162 927 364 976 Nazarii
375 921 493 994 (N),
505 941 639 987 nunc
654 925 788 974 inter
796 920 1332 974 Vaticano-Palatinos
1348 940 1557 972 numero
1574 927 1600 973 1
1611 923 1799 973 547in-
1830 919 1870 958 Ν

100 1004 318 1068 signitus
341 1002 527 1051 saeculi
549 1003 611 1049 ut
633 1001 796 1049 voluit
811 994 1071 1060 RKekule,
1089 999 1230 1048 cuius
1249 999 1571 1048 collationem
1585 1000 1639 1046 in
1656 1014 1803 1047 usum

100 1077 150 1125 M
160 1077 372 1141 Hauptii
409 1078 682 1140 perfectam
721 1074 956 1123 adhibere
998 1075 1198 1137 poterat
1240 1072 1512 1135 MCGertz,
1553 1067 1704 1138 mx,
1744 1076 1802 1121 ut

100 1151 402 1202 ORossbach
415 1146 458 1218 ¹)
489 1154 541 1200 et
565 1149 935 1210 Gundermann‚
958 1148 1096 1198 VIII.
1146 1147 1300 1198 Cuius
1331 1148 1647 1198 membranae
1673 1163 1800 1211 quae

99 1229 169 1277 sit
199 1226 424 1276 condicio
457 1229 641 1287 extera,
674 1226 860 1288 optime
884 1224 1148 1287 descripsit
1172 1222 1319 1272 Gertz
1343 1225 1398 1272 in
1423 1223 1657 1273 editionis
1682 1238 1802 1272 suae

98 1301 322 1351 Berolini
354 1317 485 1351 anno
514 1302 655 1350 1876
690 1301 898 1349 emissae
922 1299 1249 1362 praefatione,
1273 1298 1403 1347 unde
1427 1314 1590 1362 pauca
1612 1299 1695 1347 hic
1719 1297 1800 1345 de-

100 1370 395 1444 promam.²)
442 1375 592 1424 Liber
622 1375 815 1424 moduli
846 1375 1014 1423 octavi
1045 1390 1076 1422 a.
1107 1373 1447 1437 compluribus
1479 1373 1697 1422 librariis
1721 1388 1800 1421 ex-

99 1454 273 1500 aratus
305 1453 527 1500 continet
563 1451 666 1499 148
698 1450 834 1499 foliis
867 1464 1103 1498 versuum
1136 1451 1225 1497 aut
1257 1451 1324 1497 29
1352 1451 1442 1498 aut
1467 1450 1537 1498 30
1562 1448 1716 1498 libros
1741 1448 1801 1496 de

99 1526 347 1576 beneficiis
372 1527 424 1575 et
438 1525 498 1574 de
514 1526 800 1583 clementia;
825 1524 878 1572 in
894 1524 1058 1587 primo
1074 1523 1198 1572 folio
1215 1523 1402 1588 legitur
1419 1524 1627 1573 diversis
1643 1524 1800 1571 mani-

100 1601 191 1651 bus
215 1601 458 1665 scriptum
480 1600 665 1650 Seneca
688 1601 748 1649 de
772 1600 1016 1659 beneficiis
1043 1594 1049 1664 Ι
1076 1599 1146 1646 Et
1169 1599 1228 1647 de
1251 1599 1490 1648 Instituti.
1524 1598 1666 1647 Artis
1689 1613 1801 1647 ora-

99 1677 218 1725 torie
232 1669 327 1744 (Et
343 1703 413 1710 —
430 1678 640 1724 oratorie
648 1669 692 1742 ⁸)
716 1677 890 1738 postea
915 1673 1132 1722 deletum
1158 1667 1256 1740 est)
1277 1666 1284 1742 Ι
1303 1672 1388 1722 Ad
1403 1673 1696 1723 AEbutium
1711 1674 1800 1721 Li-

101 1790 267 1846 berale
293 1790 300 1863 Ι
325 1775 408 1845 ffci
434 1788 673 1864 {mathias
690 1754 872 1861 ἴηιᾶἣ
900 1786 908 1862 Ι
937 1793 1098 1844 Godeoe
1127 1774 1210 1843 §ci
1227 1794 1444 1855 Nazarv'
1465 1796 1521 1843 im
1537 1794 1800 1843 Laurissa.

100 1870 410 1922 correctores
450 1870 734 1934 complures
772 1869 932 1919 textui
972 1871 1205 1932 corrupto
1245 1871 1333 1917 aut
1365 1886 1515 1933 quem
1553 1868 1802 1932 putabant

98 1950 390 2010 corruptum
428 1944 650 1995 sanando
690 1960 892 2007 operam
931 1946 1266 1993 navaverunt:
1306 1945 1364 1992 ut
1400 1960 1605 1993 manum
1634 1943 1798 2007 ipsam
1820 1960 1865 1985 m.
1884 1952 1903 1984 1

99 2023 311 2085 primam
343 2036 505 2085 pauca
535 2036 587 2069 re
619 2035 739 2070 vera.
769 2019 1046 2084 depravata
1077 2018 1426 2068 emendantem
1463 2020 1801 2084 neglegamus,

99 2095 269 2146 eodem
287 2096 388 2145 fere
405 2098 627 2159 tempore
644 2095 773 2144 alter
796 2096 1057 2156 corrector,
1074 2110 1221 2158 quem
1230 2096 1454 2156 primum
1471 2109 1583 2143 cum
1602 2093 1800 2144 Gertzio
1813 2111 1873 2144 vr·
1888 2111 1979 2136 corr-

99 2169 479 2232 nominabimus,
494 2171 686 2219 leviora
703 2170 949 2233 quaedam
963 2172 1096 2219 recte
1113 2169 1350 2220 restituit.
1363 2169 1606 2219 Maiorem
1623 2169 1799 2219 deinde

100 2261 260 2310 neque
282 2245 511 2295 inutilem
537 2261 739 2309 operam
764 2245 997 2309 scriptori
1019 2243 1267 2307 impendit
1289 2260 1390 2294 non
1413 2245 1488 2293 ita
1510 2244 1670 2294 multo
1687 2247 1803 2308 post

99 2336 259 2371 novus
297 2323 543 2370 corrector
581 2313 721 2387 (15¹),
760 2319 850 2383 qui
888 2320 1132 2369 sexcentis
1170 2319 1292 2369 locis
1331 2319 1512 2369 menda
1549 2318 1798 2383 primitivi
1828 2328 1891 2372 lv

98 2399 263 2446 textus
295 2395 469 2445 crebra
499 2394 706 2446 sustulit
730 2410 983 2458 novasque
1008 2394 1244 2444 lectiones
1268 2395 1496 2444 inseruit.
1537 2394 1700 2444 Multo
1726 2411 1799 2444 re-

175 2542 219 2598 1)
250 2540 324 2586 Dc
353 2539 546 2586 Senecae
577 2539 840 2598 philosophi
877 2540 1099 2586 librorum
1130 2539 1386 2585 recensione
1417 2544 1458 2584 et
1490 2538 1801 2584 emendatione

98 2598 413 2645 Vntislnviae
455 2603 570 2644 1888
613 2613 658 2656 p.
692 2602 770 2653 183
815 2598 896 2644 cfr.
942 2601 990 2645 et
1031 2598 1267 2644 Baehrens
1297 2597 1470 2643 Jenaer
1499 2597 1737 2656 Litt.-Ztg.
1772 2603 1799 2642 4

97 2662 249 2717 (1877)
281 2673 324 2717 p.
361 2663 433 2716 62,
464 2657 709 2705 Chatelain
743 2659 1076 2719 Paldoyraphic
1117 2659 1195 2705 des
1236 2660 1366 2705 class.
1399 2659 1543 2704 latins
1583 2657 1680 2703 tab.
1715 2663 1799 2703 168

96 2734 143 2778 μ
170 2724 502 2887 ''5132'9m
526 2777 700 2849 Jssucko
721 2779 891 2826 Seneca
920 2779 975 2827 ae
1005 2779 1231 2835 beneficas
1262 2778 1365 2824 una
1394 2778 1449 2824 ae
1479 2779 1717 2825 demntia
1747 2780 1799 2824 in

96 2839 219 3022 ΜΒ
247 2839 564 3021 ξὲἷωέξῖἵοξ
581 2838 795 3004 {2¹33ss
799 2842 987 2946 ⁰133&
1008 2843 1135 2947 Ῑίἷίιῗέ.
1168 2898 1316 2946 Rhea.
1350 2903 1407 2945 eo
1439 2900 1594 2960 (1905)
1624 2913 1669 2959 p.
1696 2902 1795 2946 610.
