<?xml version="1.0" encoding="UTF-8"?>
<!DOCTYPE html PUBLIC "-//W3C//DTD XHTML 1.0 Transitional//EN"
    "http://www.w3.org/TR/xhtml1/DTD/xhtml1-transitional.dtd">
<html xmlns="http://www.w3.org/1999/xhtml" xml:lang="en" lang="en">
 <head>
  <title>
</title>
<meta http-equiv="Content-Type" content="text/html;charset=utf-8" />
  <meta name='ocr-system' content='tesseract 3.04.00' />
  <meta name='ocr-capabilities' content='ocr_page ocr_carea ocr_par ocr_line ocrx_word'/>
</head>
<body>
  <div class='ocr_page' id='page_1' title='image "./f2operaquaesuper01seneuoft_0255.png"; bbox 0 0 2020 3132; ppageno 0'>
   <div class='ocr_carea' id='block_1_1' title="bbox 525 113 1848 170">
    <p class='ocr_par' dir='ltr' id='par_1_1' title="bbox 525 113 1848 170">
     <span class='ocr_line' id='line_1_1' title="bbox 525 113 1848 170; baseline 0.008 -10"><span class='ocrx_word' id='word_1_1' title='bbox 525 116 608 161; x_wconf 79' lang='lat' dir='ltr'><strong>DE</strong></span> <span class='ocrx_word' id='word_1_2' title='bbox 639 113 990 162; x_wconf 79' lang='lat' dir='ltr'><strong>CLEMENTIA</strong></span> <span class='ocrx_word' id='word_1_3' title='bbox 1020 114 1132 161; x_wconf 84' lang='lat' dir='ltr'><strong>LIB.</strong></span> <span class='ocrx_word' id='word_1_4' title='bbox 1162 115 1184 159; x_wconf 87' lang='lat'>1</span> <span class='ocrx_word' id='word_1_5' title='bbox 1216 115 1346 162; x_wconf 86' lang='lat' dir='ltr'>CAP.</span> <span class='ocrx_word' id='word_1_6' title='bbox 1376 121 1419 162; x_wconf 80' lang='lat'><strong>4.</strong></span> <span class='ocrx_word' id='word_1_7' title='bbox 1452 121 1479 161; x_wconf 82' lang='lat'><strong>5</strong></span> <span class='ocrx_word' id='word_1_8' title='bbox 1741 116 1848 170; x_wconf 80' lang='grc'><strong>217</strong></span> 
     </span>
    </p>
   </div>
   <div class='ocr_carea' id='block_1_2' title="bbox 73 251 1849 2418">
    <p class='ocr_par' dir='ltr' id='par_1_2' title="bbox 73 251 1849 2418">
     <span class='ocr_line' id='line_1_2' title="bbox 153 251 1849 324; baseline 0.001 -18"><span class='ocrx_word' id='word_1_9' title='bbox 153 252 483 307; x_wconf 80' lang='lat' dir='ltr'><strong>mehercules</strong></span> <span class='ocrx_word' id='word_1_10' title='bbox 528 271 639 307; x_wconf 90' lang='lat' dir='ltr'><strong>rem</strong></span> <span class='ocrx_word' id='word_1_11' title='bbox 686 253 862 323; x_wconf 80' lang='lat' dir='ltr'><strong>ipsam</strong></span> <span class='ocrx_word' id='word_1_12' title='bbox 907 253 1118 323; x_wconf 89' lang='lat' dir='ltr'><strong>premit.</strong></span> <span class='ocrx_word' id='word_1_13' title='bbox 1180 251 1320 306; x_wconf 88' lang='lat' dir='ltr'><strong>Nam</strong></span> <span class='ocrx_word' id='word_1_14' title='bbox 1368 254 1438 323; x_wconf 89' lang='lat' dir='ltr'><strong>si,</strong></span> <span class='ocrx_word' id='word_1_15' title='bbox 1485 254 1631 324; x_wconf 91' lang='lat' dir='ltr'><strong>quod</strong></span> <span class='ocrx_word' id='word_1_16' title='bbox 1675 254 1849 308; x_wconf 91' lang='lat' dir='ltr'><strong>adhuc</strong></span> 
     </span>
     <span class='ocr_line' id='line_1_3' title="bbox 153 327 1848 399; baseline 0.001 -19"><span class='ocrx_word' id='word_1_17' title='bbox 153 327 380 399; x_wconf 80' lang='lat' dir='ltr'><strong>colligit,</strong></span> <span class='ocrx_word' id='word_1_18' title='bbox 409 331 470 381; x_wconf 91' lang='lat' dir='ltr'><strong>tu</strong></span> <span class='ocrx_word' id='word_1_19' title='bbox 493 328 705 381; x_wconf 86' lang='lat' dir='ltr'><strong>animus</strong></span> <span class='ocrx_word' id='word_1_20' title='bbox 728 328 805 381; x_wconf 90' lang='lat' dir='ltr'><strong>rei</strong></span> <span class='ocrx_word' id='word_1_21' title='bbox 828 328 1074 397; x_wconf 86' lang='lat' dir='ltr'><strong>publicae</strong></span> <span class='ocrx_word' id='word_1_22' title='bbox 1097 331 1221 382; x_wconf 90' lang='lat' dir='ltr'><strong>tuae</strong></span> <span class='ocrx_word' id='word_1_23' title='bbox 1246 346 1316 395; x_wconf 74' lang='lat' dir='ltr'><strong>ee,</strong></span> <span class='ocrx_word' id='word_1_24' title='bbox 1341 328 1435 381; x_wconf 91' lang='lat' dir='ltr'><strong>illa</strong></span> <span class='ocrx_word' id='word_1_25' title='bbox 1459 346 1653 399; x_wconf 86' lang='lat' dir='ltr'><strong>corpus</strong></span> <span class='ocrx_word' id='word_1_26' title='bbox 1678 333 1848 399; x_wconf 90' lang='lat' dir='ltr'><strong>tuum,</strong></span> 
     </span>
     <span class='ocr_line' id='line_1_4' title="bbox 151 402 1846 474; baseline 0.002 -20"><span class='ocrx_word' id='word_1_27' title='bbox 151 402 317 471; x_wconf 81' lang='lat' dir='ltr'><strong>vides,</strong></span> <span class='ocrx_word' id='word_1_28' title='bbox 345 406 409 456; x_wconf 86' lang='lat' dir='ltr'><strong>ut</strong></span> <span class='ocrx_word' id='word_1_29' title='bbox 435 406 588 472; x_wconf 88' lang='lat' dir='ltr'><strong>puto,</strong></span> <span class='ocrx_word' id='word_1_30' title='bbox 619 421 779 471; x_wconf 87' lang='lat' dir='ltr'><strong>quam</strong></span> <span class='ocrx_word' id='word_1_31' title='bbox 810 403 1109 456; x_wconf 88' lang='lat' dir='ltr'><strong>necessaria</strong></span> <span class='ocrx_word' id='word_1_32' title='bbox 1141 403 1212 456; x_wconf 86' lang='lat' dir='ltr'><strong>sit</strong></span> <span class='ocrx_word' id='word_1_33' title='bbox 1242 402 1547 474; x_wconf 85' lang='lat' dir='ltr'><strong>clementia3</strong></span> <span class='ocrx_word' id='word_1_34' title='bbox 1577 403 1680 457; x_wconf 89' lang='lat' dir='ltr'><strong>tibi</strong></span> <span class='ocrx_word' id='word_1_35' title='bbox 1704 404 1846 457; x_wconf 89' lang='lat' dir='ltr'><strong>enim</strong></span> 
     </span>
     <span class='ocr_line' id='line_1_5' title="bbox 152 476 1847 548; baseline 0.002 -20"><span class='ocrx_word' id='word_1_36' title='bbox 152 477 344 546; x_wconf 73' lang='lat' dir='ltr'><strong>parciS,</strong></span> <span class='ocrx_word' id='word_1_37' title='bbox 374 495 496 531; x_wconf 90' lang='lat' dir='ltr'><strong>cum</strong></span> <span class='ocrx_word' id='word_1_38' title='bbox 527 477 726 530; x_wconf 82' lang='lat' dir='ltr'><strong>videris</strong></span> <span class='ocrx_word' id='word_1_39' title='bbox 757 478 912 531; x_wconf 90' lang='lat' dir='ltr'><strong>alteri</strong></span> <span class='ocrx_word' id='word_1_40' title='bbox 936 495 1167 547; x_wconf 81' lang='lat' dir='ltr'><strong>parcere.</strong></span> <span class='ocrx_word' id='word_1_41' title='bbox 1200 476 1533 532; x_wconf 82' lang='lat' dir='ltr'><strong>Parcendum</strong></span> <span class='ocrx_word' id='word_1_42' title='bbox 1558 479 1740 548; x_wconf 88' lang='lat' dir='ltr'><strong>itaque</strong></span> <span class='ocrx_word' id='word_1_43' title='bbox 1765 483 1847 532; x_wconf 87' lang='lat' dir='ltr'><strong>est</strong></span> 
     </span>
     <span class='ocr_line' id='line_1_6' title="bbox 106 551 1845 622; baseline 0 -16"><span class='ocrx_word' id='word_1_44' title='bbox 106 572 126 606; x_wconf 72' lang='grc' dir='ltr'><strong>ι</strong></span> <span class='ocrx_word' id='word_1_45' title='bbox 151 552 314 604; x_wconf 86' lang='lat' dir='ltr'><strong>etiam</strong></span> <span class='ocrx_word' id='word_1_46' title='bbox 363 551 712 622; x_wconf 84' lang='lat' dir='ltr'><strong>inprobandis</strong></span> <span class='ocrx_word' id='word_1_47' title='bbox 758 551 967 605; x_wconf 76' lang='lat' dir='ltr'><strong>civibus</strong></span> <span class='ocrx_word' id='word_1_48' title='bbox 1013 569 1123 605; x_wconf 90' lang='lat' dir='ltr'><strong>non</strong></span> <span class='ocrx_word' id='word_1_49' title='bbox 1169 551 1326 606; x_wconf 86' lang='lat' dir='ltr'><strong>aliter</strong></span> <span class='ocrx_word' id='word_1_50' title='bbox 1372 571 1534 622; x_wconf 88' lang='lat' dir='ltr'><strong>quam</strong></span> <span class='ocrx_word' id='word_1_51' title='bbox 1588 553 1845 607; x_wconf 88' lang='lat' dir='ltr'><strong>membris</strong></span> 
     </span>
     <span class='ocr_line' id='line_1_7' title="bbox 149 626 1846 699; baseline 0.002 -21"><span class='ocrx_word' id='word_1_52' title='bbox 149 626 557 698; x_wconf 77' lang='lat' dir='ltr'><strong>languentibuS,</strong></span> <span class='ocrx_word' id='word_1_53' title='bbox 601 630 677 695; x_wconf 89' lang='lat' dir='ltr'><strong>et,</strong></span> <span class='ocrx_word' id='word_1_54' title='bbox 715 626 761 679; x_wconf 87' lang='lat' dir='ltr'><strong>si</strong></span> <span class='ocrx_word' id='word_1_55' title='bbox 806 627 1020 696; x_wconf 91' lang='lat' dir='ltr'><strong>quando</strong></span> <span class='ocrx_word' id='word_1_56' title='bbox 1059 628 1225 680; x_wconf 87' lang='lat' dir='ltr'><strong>misso</strong></span> <span class='ocrx_word' id='word_1_57' title='bbox 1265 627 1524 699; x_wconf 88' lang='lat' dir='ltr'><strong>sanguine</strong></span> <span class='ocrx_word' id='word_1_58' title='bbox 1569 646 1705 698; x_wconf 91' lang='lat' dir='ltr'><strong>opus</strong></span> <span class='ocrx_word' id='word_1_59' title='bbox 1748 631 1846 698; x_wconf 89' lang='lat' dir='ltr'><strong>est,</strong></span> 
     </span>
     <span class='ocr_line' id='line_1_8' title="bbox 150 701 1844 771; baseline 0.002 -19"><span class='ocrx_word' id='word_1_60' title='bbox 150 701 465 754; x_wconf 85' lang='lat' dir='ltr'><strong>sustinenda</strong></span> <span class='ocrx_word' id='word_1_61' title='bbox 495 704 577 753; x_wconf 88' lang='lat' dir='ltr'><strong>est</strong></span> <span class='ocrx_word' id='word_1_62' title='bbox 608 718 819 770; x_wconf 65' lang='lat' dir='ltr'><strong>manu-3,</strong></span> <span class='ocrx_word' id='word_1_63' title='bbox 851 719 919 755; x_wconf 85' lang='lat' dir='ltr'><strong>ne</strong></span> <span class='ocrx_word' id='word_1_64' title='bbox 949 702 1114 771; x_wconf 85' lang='lat' dir='ltr'><strong>ultra,</strong></span> <span class='ocrx_word' id='word_1_65' title='bbox 1146 719 1307 771; x_wconf 89' lang='lat' dir='ltr'><strong>quam</strong></span> <span class='ocrx_word' id='word_1_66' title='bbox 1338 719 1555 756; x_wconf 88' lang='lat' dir='ltr'><strong>necesse</strong></span> <span class='ocrx_word' id='word_1_67' title='bbox 1587 702 1679 771; x_wconf 89' lang='lat' dir='ltr'><strong>sit,</strong></span> <span class='ocrx_word' id='word_1_68' title='bbox 1711 703 1844 756; x_wconf 85' lang='lat' dir='ltr'><strong>inci-</strong></span> 
     </span>
     <span class='ocr_line' id='line_1_9' title="bbox 149 774 1843 847; baseline 0.002 -21"><span class='ocrx_word' id='word_1_69' title='bbox 149 774 255 827; x_wconf 90' lang='lat' dir='ltr'><strong>dat</strong></span> <span class='ocrx_word' id='word_1_70' title='bbox 316 774 419 828; x_wconf 88' lang='lat' dir='ltr'><strong>Est</strong></span> <span class='ocrx_word' id='word_1_71' title='bbox 450 792 602 846; x_wconf 83' lang='lat' dir='ltr'><strong>ergO,</strong></span> <span class='ocrx_word' id='word_1_72' title='bbox 634 778 694 827; x_wconf 91' lang='lat' dir='ltr'><strong>ut</strong></span> <span class='ocrx_word' id='word_1_73' title='bbox 725 775 990 846; x_wconf 84' lang='lat' dir='ltr'><strong>dicebam,</strong></span> <span class='ocrx_word' id='word_1_74' title='bbox 1022 775 1307 830; x_wconf 86' lang='lat' dir='ltr'><strong>clementia</strong></span> <span class='ocrx_word' id='word_1_75' title='bbox 1338 776 1587 830; x_wconf 87' lang='lat' dir='ltr'><strong>omnibus</strong></span> <span class='ocrx_word' id='word_1_76' title='bbox 1627 776 1843 847; x_wconf 91' lang='lat' dir='ltr'><strong>quidem</strong></span> 
     </span>
     <span class='ocr_line' id='line_1_10' title="bbox 148 848 1846 919; baseline 0.002 -18"><span class='ocrx_word' id='word_1_77' title='bbox 148 848 456 903; x_wconf 92' lang='lat' dir='ltr'><strong>hominibus</strong></span> <span class='ocrx_word' id='word_1_78' title='bbox 500 850 792 902; x_wconf 89' lang='lat' dir='ltr'><strong>secundum</strong></span> <span class='ocrx_word' id='word_1_79' title='bbox 835 854 1110 919; x_wconf 87' lang='lat' dir='ltr'><strong>naturam,</strong></span> <span class='ocrx_word' id='word_1_80' title='bbox 1154 851 1387 904; x_wconf 85' lang='lat' dir='ltr'><strong>maxime</strong></span> <span class='ocrx_word' id='word_1_81' title='bbox 1425 855 1608 905; x_wconf 89' lang='lat' dir='ltr'><strong>tamen</strong></span> <span class='ocrx_word' id='word_1_82' title='bbox 1654 851 1846 906; x_wconf 83' lang='lat' dir='ltr'><strong>decora</strong></span> 
     </span>
     <span class='ocr_line' id='line_1_11' title="bbox 80 923 1844 1008; baseline 0.001 -30"><span class='ocrx_word' id='word_1_83' title='bbox 80 944 124 978; x_wconf 90' lang='grc' dir='ltr'><strong>ιο</strong></span> <span class='ocrx_word' id='word_1_84' title='bbox 147 923 558 993; x_wconf 66' lang='lat' dir='ltr'><strong>inperatoribus»,</strong></span> <span class='ocrx_word' id='word_1_85' title='bbox 598 928 823 1008; x_wconf 80' lang='lat' dir='ltr'><strong>quanto</strong></span> <span class='ocrx_word' id='word_1_86' title='bbox 841 924 963 994; x_wconf 90' lang='lat' dir='ltr'><strong>plus</strong></span> <span class='ocrx_word' id='word_1_87' title='bbox 1002 925 1167 978; x_wconf 89' lang='lat' dir='ltr'><strong>habet</strong></span> <span class='ocrx_word' id='word_1_88' title='bbox 1208 926 1351 995; x_wconf 89' lang='lat' dir='ltr'><strong>apud</strong></span> <span class='ocrx_word' id='word_1_89' title='bbox 1383 926 1507 979; x_wconf 88' lang='lat' dir='ltr'><strong>1llos</strong></span> <span class='ocrx_word' id='word_1_90' title='bbox 1517 967 1532 995; x_wconf 90' lang='lat'><strong>,</strong></span> <span class='ocrx_word' id='word_1_91' title='bbox 1563 927 1707 996; x_wconf 90' lang='lat' dir='ltr'><strong>quod</strong></span> <span class='ocrx_word' id='word_1_92' title='bbox 1739 945 1844 980; x_wconf 77' lang='lat' dir='ltr'><strong>sei-</strong></span> 
     </span>
     <span class='ocr_line' id='line_1_12' title="bbox 148 998 1843 1070; baseline 0.002 -20"><span class='ocrx_word' id='word_1_93' title='bbox 148 1002 259 1067; x_wconf 83' lang='lat' dir='ltr'><strong>vet,</strong></span> <span class='ocrx_word' id='word_1_94' title='bbox 290 1002 600 1068; x_wconf 86' lang='lat' dir='ltr'><strong>quantoque</strong></span> <span class='ocrx_word' id='word_1_95' title='bbox 632 999 687 1051; x_wconf 90' lang='lat' dir='ltr'><strong>in</strong></span> <span class='ocrx_word' id='word_1_96' title='bbox 719 998 922 1052; x_wconf 90' lang='lat' dir='ltr'><strong>maiore</strong></span> <span class='ocrx_word' id='word_1_97' title='bbox 954 1000 1177 1052; x_wconf 86' lang='lat' dir='ltr'><strong>materia</strong></span> <span class='ocrx_word' id='word_1_98' title='bbox 1215 1000 1450 1070; x_wconf 76' lang='lat' dir='ltr'><strong>adparet.</strong></span> <span class='ocrx_word' id='word_1_99' title='bbox 1513 999 1843 1063; x_wconf 84' lang='lat' dir='ltr'><strong>Quantulum</strong></span> 
     </span>
     <span class='ocr_line' id='line_1_13' title="bbox 147 1073 1843 1144; baseline 0.002 -19"><span class='ocrx_word' id='word_1_100' title='bbox 147 1073 289 1125; x_wconf 93' lang='lat' dir='ltr'><strong>enim</strong></span> <span class='ocrx_word' id='word_1_101' title='bbox 314 1077 473 1126; x_wconf 85' lang='lat' dir='ltr'><strong>nocet</strong></span> <span class='ocrx_word' id='word_1_102' title='bbox 495 1073 706 1142; x_wconf 76' lang='lat' dir='ltr'><strong>privata</strong></span> <span class='ocrx_word' id='word_1_103' title='bbox 731 1073 1040 1127; x_wconf 76' lang='lat' dir='ltr'><strong>crudelitas!</strong></span> <span class='ocrx_word' id='word_1_104' title='bbox 1064 1074 1369 1144; x_wconf 84' lang='lat' dir='ltr'><strong>principum</strong></span> <span class='ocrx_word' id='word_1_105' title='bbox 1396 1074 1618 1129; x_wconf 86' lang='lat' dir='ltr'><strong>saevitia</strong></span> <span class='ocrx_word' id='word_1_106' title='bbox 1641 1075 1843 1130; x_wconf 88' lang='lat' dir='ltr'><strong>bellum</strong></span> 
     </span>
     <span class='ocr_line' id='line_1_14' title="bbox 147 1146 1842 1204; baseline 0.002 -4"><span class='ocrx_word' id='word_1_107' title='bbox 147 1150 245 1200; x_wconf 87' lang='lat' dir='ltr'><strong>est.</strong></span> <span class='ocrx_word' id='word_1_108' title='bbox 306 1146 439 1200; x_wconf 89' lang='lat' dir='ltr'><strong>Cum</strong></span> <span class='ocrx_word' id='word_1_109' title='bbox 479 1151 658 1201; x_wconf 85' lang='lat' dir='ltr'><strong>autem</strong></span> <span class='ocrx_word' id='word_1_110' title='bbox 699 1148 995 1202; x_wconf 83' lang='lat' dir='ltr'><strong>virtutibus</strong></span> <span class='ocrx_word' id='word_1_111' title='bbox 1035 1148 1177 1202; x_wconf 90' lang='lat' dir='ltr'><strong>inter</strong></span> <span class='ocrx_word' id='word_1_112' title='bbox 1214 1167 1267 1203; x_wconf 80' lang='lat' dir='ltr'><strong>se</strong></span> <span class='ocrx_word' id='word_1_113' title='bbox 1304 1151 1373 1204; x_wconf 75' lang='lat' dir='ltr'><strong>sit</strong></span> <span class='ocrx_word' id='word_1_114' title='bbox 1411 1150 1698 1203; x_wconf 88' lang='lat' dir='ltr'><strong>concordia</strong></span> <span class='ocrx_word' id='word_1_115' title='bbox 1743 1169 1842 1204; x_wconf 86' lang='lat' dir='ltr'><strong>nec</strong></span> 
     </span>
     <span class='ocr_line' id='line_1_15' title="bbox 147 1222 1842 1295; baseline 0.003 -22"><span class='ocrx_word' id='word_1_116' title='bbox 147 1223 258 1275; x_wconf 92' lang='lat' dir='ltr'><strong>ulla</strong></span> <span class='ocrx_word' id='word_1_117' title='bbox 301 1223 469 1276; x_wconf 89' lang='lat' dir='ltr'><strong>altera</strong></span> <span class='ocrx_word' id='word_1_118' title='bbox 512 1223 704 1277; x_wconf 91' lang='lat' dir='ltr'><strong>melior</strong></span> <span class='ocrx_word' id='word_1_119' title='bbox 746 1226 839 1276; x_wconf 89' lang='lat' dir='ltr'><strong>aut</strong></span> <span class='ocrx_word' id='word_1_120' title='bbox 881 1222 1159 1277; x_wconf 79' lang='lat' dir='ltr'><strong>honestior</strong></span> <span class='ocrx_word' id='word_1_121' title='bbox 1208 1225 1301 1293; x_wconf 92' lang='lat' dir='ltr'><strong>sit,</strong></span> <span class='ocrx_word' id='word_1_122' title='bbox 1352 1225 1614 1295; x_wconf 83' lang='lat' dir='ltr'><strong>quaedam</strong></span> <span class='ocrx_word' id='word_1_123' title='bbox 1661 1228 1842 1278; x_wconf 88' lang='lat' dir='ltr'><strong>tamen</strong></span> 
     </span>
     <span class='ocr_line' id='line_1_16' title="bbox 81 1296 1842 1371; baseline 0.001 -20"><span class='ocrx_word' id='word_1_124' title='bbox 81 1317 123 1351; x_wconf 70' lang='grc' dir='ltr'><strong>ιι</strong></span> <span class='ocrx_word' id='word_1_125' title='bbox 149 1296 470 1366; x_wconf 90' lang='lat' dir='ltr'><strong>quibusdam</strong></span> <span class='ocrx_word' id='word_1_126' title='bbox 517 1299 762 1367; x_wconf 88' lang='lat' dir='ltr'><strong>personis</strong></span> <span class='ocrx_word' id='word_1_127' title='bbox 816 1297 995 1367; x_wconf 87' lang='lat' dir='ltr'><strong>aptior</strong></span> <span class='ocrx_word' id='word_1_128' title='bbox 1048 1302 1143 1351; x_wconf 88' lang='lat' dir='ltr'><strong>est.</strong></span> <span class='ocrx_word' id='word_1_129' title='bbox 1205 1298 1374 1352; x_wconf 87' lang='lat' dir='ltr'><strong>Decet</strong></span> <span class='ocrx_word' id='word_1_130' title='bbox 1427 1300 1842 1371; x_wconf 85' lang='lat' dir='ltr'><strong>magnanimitas</strong></span> 
     </span>
     <span class='ocr_line' id='line_1_17' title="bbox 147 1371 1841 1446; baseline 0.003 -23"><span class='ocrx_word' id='word_1_131' title='bbox 147 1371 442 1440; x_wconf 89' lang='lat' dir='ltr'><strong>quemlibet</strong></span> <span class='ocrx_word' id='word_1_132' title='bbox 472 1371 770 1438; x_wconf 86' lang='lat' dir='ltr'><strong>mortalem,</strong></span> <span class='ocrx_word' id='word_1_133' title='bbox 800 1373 961 1425; x_wconf 87' lang='lat' dir='ltr'><strong>etiam</strong></span> <span class='ocrx_word' id='word_1_134' title='bbox 996 1373 1148 1426; x_wconf 88' lang='lat' dir='ltr'><strong>illum</strong></span> <span class='ocrx_word' id='word_1_135' title='bbox 1159 1416 1174 1443; x_wconf 90' lang='lat'><strong>,</strong></span> <span class='ocrx_word' id='word_1_136' title='bbox 1206 1373 1346 1426; x_wconf 87' lang='lat' dir='ltr'><strong>infra</strong></span> <span class='ocrx_word' id='word_1_137' title='bbox 1377 1392 1537 1444; x_wconf 90' lang='lat' dir='ltr'><strong>quem</strong></span> <span class='ocrx_word' id='word_1_138' title='bbox 1567 1374 1708 1428; x_wconf 89' lang='lat' dir='ltr'><strong>nihil</strong></span> <span class='ocrx_word' id='word_1_139' title='bbox 1737 1379 1841 1446; x_wconf 84' lang='lat' dir='ltr'><strong>est3</strong></span> 
     </span>
     <span class='ocr_line' id='line_1_18' title="bbox 146 1446 1842 1517; baseline 0.003 -19"><span class='ocrx_word' id='word_1_140' title='bbox 146 1446 276 1515; x_wconf 91' lang='lat' dir='ltr'><strong>quid</strong></span> <span class='ocrx_word' id='word_1_141' title='bbox 307 1446 451 1500; x_wconf 90' lang='lat' dir='ltr'><strong>enim</strong></span> <span class='ocrx_word' id='word_1_142' title='bbox 485 1447 658 1500; x_wconf 88' lang='lat' dir='ltr'><strong>maius</strong></span> <span class='ocrx_word' id='word_1_143' title='bbox 691 1450 784 1500; x_wconf 89' lang='lat' dir='ltr'><strong>aut</strong></span> <span class='ocrx_word' id='word_1_144' title='bbox 815 1447 1010 1500; x_wconf 89' lang='lat' dir='ltr'><strong>fortius</strong></span> <span class='ocrx_word' id='word_1_145' title='bbox 1043 1466 1203 1517; x_wconf 87' lang='lat' dir='ltr'><strong>quam</strong></span> <span class='ocrx_word' id='word_1_146' title='bbox 1237 1449 1432 1506; x_wconf 82' lang='lat' dir='ltr'><strong>malam</strong></span> <span class='ocrx_word' id='word_1_147' title='bbox 1459 1449 1730 1502; x_wconf 85' lang='lat' dir='ltr'><strong>fortunam</strong></span> <span class='ocrx_word' id='word_1_148' title='bbox 1763 1469 1842 1503; x_wconf 89' lang='lat' dir='ltr'><strong>re-</strong></span> 
     </span>
     <span class='ocr_line' id='line_1_19' title="bbox 146 1521 1842 1594; baseline 0.003 -21"><span class='ocrx_word' id='word_1_149' title='bbox 146 1521 407 1574; x_wconf 80' lang='lat' dir='ltr'><strong>tundere?</strong></span> <span class='ocrx_word' id='word_1_150' title='bbox 462 1521 591 1575; x_wconf 88' lang='lat' dir='ltr'><strong>haec</strong></span> <span class='ocrx_word' id='word_1_151' title='bbox 642 1525 821 1575; x_wconf 90' lang='lat' dir='ltr'><strong>tamen</strong></span> <span class='ocrx_word' id='word_1_152' title='bbox 873 1523 1289 1594; x_wconf 86' lang='lat' dir='ltr'><strong>magnanimitas</strong></span> <span class='ocrx_word' id='word_1_153' title='bbox 1332 1524 1389 1577; x_wconf 89' lang='lat' dir='ltr'><strong>in</strong></span> <span class='ocrx_word' id='word_1_154' title='bbox 1438 1524 1578 1577; x_wconf 86' lang='lat' dir='ltr'><strong>bona</strong></span> <span class='ocrx_word' id='word_1_155' title='bbox 1622 1524 1842 1578; x_wconf 85' lang='lat' dir='ltr'><strong>fortuna</strong></span> 
     </span>
     <span class='ocr_line' id='line_1_20' title="bbox 144 1594 1841 1668; baseline 0.004 -21"><span class='ocrx_word' id='word_1_156' title='bbox 144 1594 404 1649; x_wconf 83' lang='lat' dir='ltr'><strong>laxiorem</strong></span> <span class='ocrx_word' id='word_1_157' title='bbox 436 1596 615 1650; x_wconf 92' lang='lat' dir='ltr'><strong>locum</strong></span> <span class='ocrx_word' id='word_1_158' title='bbox 659 1596 822 1653; x_wconf 87' lang='lat' dir='ltr'><strong>habet</strong></span> <span class='ocrx_word' id='word_1_159' title='bbox 860 1598 1161 1667; x_wconf 87' lang='lat' dir='ltr'><strong>meliusque</strong></span> <span class='ocrx_word' id='word_1_160' title='bbox 1202 1598 1255 1651; x_wconf 91' lang='lat' dir='ltr'><strong>in</strong></span> <span class='ocrx_word' id='word_1_161' title='bbox 1289 1598 1548 1652; x_wconf 89' lang='lat' dir='ltr'><strong>tribunali</strong></span> <span class='ocrx_word' id='word_1_162' title='bbox 1589 1617 1751 1668; x_wconf 88' lang='lat' dir='ltr'><strong>quam</strong></span> <span class='ocrx_word' id='word_1_163' title='bbox 1783 1599 1841 1653; x_wconf 92' lang='lat' dir='ltr'><strong>in</strong></span> 
     </span>
     <span class='ocr_line' id='line_1_21' title="bbox 77 1668 1840 1743; baseline 0.002 -19"><span class='ocrx_word' id='word_1_164' title='bbox 77 1690 122 1724; x_wconf 71' lang='lat' dir='ltr'><strong>so</strong></span> <span class='ocrx_word' id='word_1_165' title='bbox 146 1668 307 1740; x_wconf 88' lang='lat' dir='ltr'><strong>plano</strong></span> <span class='ocrx_word' id='word_1_166' title='bbox 338 1670 681 1740; x_wconf 86' lang='lat' dir='ltr'><strong>conspicitur.</strong></span> <span class='ocrx_word' id='word_1_167' title='bbox 745 1670 1064 1736; x_wconf 88' lang='lat' dir='ltr'><strong>Clementia,</strong></span> <span class='ocrx_word' id='word_1_168' title='bbox 1095 1674 1152 1725; x_wconf 91' lang='lat' dir='ltr'><strong>in</strong></span> <span class='ocrx_word' id='word_1_169' title='bbox 1193 1691 1588 1743; x_wconf 88' lang='lat' dir='ltr'><strong>quamcumque</strong></span> <span class='ocrx_word' id='word_1_170' title='bbox 1619 1674 1840 1728; x_wconf 90' lang='lat' dir='ltr'><strong>domum</strong></span> 
     </span>
     <span class='ocr_line' id='line_1_22' title="bbox 145 1746 1840 1818; baseline 0.004 -21"><span class='ocrx_word' id='word_1_171' title='bbox 145 1746 472 1813; x_wconf 83' lang='lat' dir='ltr'><strong>pervenerit,</strong></span> <span class='ocrx_word' id='word_1_172' title='bbox 510 1764 624 1798; x_wconf 82' lang='lat' dir='ltr'><strong>eam</strong></span> <span class='ocrx_word' id='word_1_173' title='bbox 657 1746 867 1799; x_wconf 88' lang='lat' dir='ltr'><strong>felicem</strong></span> <span class='ocrx_word' id='word_1_174' title='bbox 899 1747 1358 1818; x_wconf 86' lang='lat' dir='ltr'><strong>tranquillamque</strong></span> <span class='ocrx_word' id='word_1_175' title='bbox 1396 1748 1715 1818; x_wconf 85' lang='lat' dir='ltr'><strong>praestabit,</strong></span> <span class='ocrx_word' id='word_1_176' title='bbox 1747 1750 1840 1803; x_wconf 87' lang='lat' dir='ltr'><strong>sed</strong></span> 
     </span>
     <span class='ocr_line' id='line_1_23' title="bbox 143 1819 1841 1890; baseline 0.004 -19"><span class='ocrx_word' id='word_1_177' title='bbox 143 1819 197 1871; x_wconf 89' lang='lat' dir='ltr'><strong>in</strong></span> <span class='ocrx_word' id='word_1_178' title='bbox 231 1819 404 1890; x_wconf 84' lang='lat' dir='ltr'><strong>regia,</strong></span> <span class='ocrx_word' id='word_1_179' title='bbox 435 1838 544 1889; x_wconf 93' lang='lat' dir='ltr'><strong>quo</strong></span> <span class='ocrx_word' id='word_1_180' title='bbox 575 1821 769 1890; x_wconf 89' lang='lat' dir='ltr'><strong>rarior,</strong></span> <span class='ocrx_word' id='word_1_181' title='bbox 801 1838 864 1874; x_wconf 91' lang='lat' dir='ltr'><strong>eo</strong></span> <span class='ocrx_word' id='word_1_182' title='bbox 897 1822 1209 1876; x_wconf 88' lang='lat' dir='ltr'><strong>mirabilior.</strong></span> <span class='ocrx_word' id='word_1_183' title='bbox 1273 1822 1414 1886; x_wconf 84' lang='lat' dir='ltr'><strong>Quid</strong></span> <span class='ocrx_word' id='word_1_184' title='bbox 1446 1824 1587 1877; x_wconf 89' lang='lat' dir='ltr'><strong>enim</strong></span> <span class='ocrx_word' id='word_1_185' title='bbox 1622 1827 1704 1877; x_wconf 87' lang='lat' dir='ltr'><strong>est</strong></span> <span class='ocrx_word' id='word_1_186' title='bbox 1735 1842 1841 1877; x_wconf 87' lang='lat' dir='ltr'><strong>me-</strong></span> 
     </span>
     <span class='ocr_line' id='line_1_24' title="bbox 141 1893 1839 1967; baseline 0.003 -20"><span class='ocrx_word' id='word_1_187' title='bbox 141 1893 456 1948; x_wconf 86' lang='lat' dir='ltr'><strong>morabilius</strong></span> <span class='ocrx_word' id='word_1_188' title='bbox 500 1913 661 1964; x_wconf 87' lang='lat' dir='ltr'><strong>quam</strong></span> <span class='ocrx_word' id='word_1_189' title='bbox 706 1914 850 1958; x_wconf 90' lang='lat' dir='ltr'><strong>eum,</strong></span> <span class='ocrx_word' id='word_1_190' title='bbox 895 1897 1046 1949; x_wconf 89' lang='lat' dir='ltr'><strong>cuius</strong></span> <span class='ocrx_word' id='word_1_191' title='bbox 1094 1897 1203 1950; x_wconf 88' lang='lat' dir='ltr'><strong>irae</strong></span> <span class='ocrx_word' id='word_1_192' title='bbox 1251 1897 1388 1951; x_wconf 87' lang='lat' dir='ltr'><strong>nihil</strong></span> <span class='ocrx_word' id='word_1_193' title='bbox 1435 1898 1640 1967; x_wconf 84' lang='lat' dir='ltr'><strong>obstat,</strong></span> <span class='ocrx_word' id='word_1_194' title='bbox 1688 1899 1839 1953; x_wconf 83' lang='lat' dir='ltr'><strong>cuius</strong></span> 
     </span>
     <span class='ocr_line' id='line_1_25' title="bbox 140 1969 1837 2043; baseline 0.004 -22"><span class='ocrx_word' id='word_1_195' title='bbox 140 1969 374 2040; x_wconf 83' lang='lat' dir='ltr'><strong>graviori</strong></span> <span class='ocrx_word' id='word_1_196' title='bbox 406 1970 702 2023; x_wconf 83' lang='lat' dir='ltr'><strong>sententiae</strong></span> <span class='ocrx_word' id='word_1_197' title='bbox 729 1970 849 2039; x_wconf 91' lang='lat' dir='ltr'><strong>ipsi,</strong></span> <span class='ocrx_word' id='word_1_198' title='bbox 874 1971 967 2040; x_wconf 90' lang='lat' dir='ltr'><strong>qui</strong></span> <span class='ocrx_word' id='word_1_199' title='bbox 990 1975 1232 2042; x_wconf 89' lang='lat' dir='ltr'><strong>pereunt,</strong></span> <span class='ocrx_word' id='word_1_200' title='bbox 1256 1973 1647 2043; x_wconf 88' lang='lat' dir='ltr'><strong>adsentiuntur,</strong></span> <span class='ocrx_word' id='word_1_201' title='bbox 1678 1991 1837 2043; x_wconf 89' lang='lat' dir='ltr'><strong>quem</strong></span> 
     </span>
     <span class='ocr_line' id='line_1_26' title="bbox 73 2043 1839 2115; baseline 0.001 -16"><span class='ocrx_word' id='word_1_202' title='bbox 73 2064 118 2099; x_wconf 72' lang='lat' dir='ltr'><strong>ss</strong></span> <span class='ocrx_word' id='word_1_203' title='bbox 141 2060 301 2097; x_wconf 90' lang='lat' dir='ltr'><strong>nemo</strong></span> <span class='ocrx_word' id='word_1_204' title='bbox 334 2043 773 2115; x_wconf 69' lang='lat' dir='ltr'><strong>interpellaturus</strong></span> <span class='ocrx_word' id='word_1_205' title='bbox 805 2049 909 2114; x_wconf 89' lang='lat' dir='ltr'><strong>est,</strong></span> <span class='ocrx_word' id='word_1_206' title='bbox 942 2045 1133 2114; x_wconf 89' lang='lat' dir='ltr'><strong>immo,</strong></span> <span class='ocrx_word' id='word_1_207' title='bbox 1173 2046 1218 2099; x_wconf 90' lang='lat' dir='ltr'><strong>si</strong></span> <span class='ocrx_word' id='word_1_208' title='bbox 1251 2046 1619 2101; x_wconf 85' lang='lat' dir='ltr'><strong>vehementius</strong></span> <span class='ocrx_word' id='word_1_209' title='bbox 1653 2065 1839 2102; x_wconf 88' lang='lat' dir='ltr'><strong>excan-</strong></span> 
     </span>
     <span class='ocr_line' id='line_1_27' title="bbox 140 2117 1837 2192; baseline 0.003 -21"><span class='ocrx_word' id='word_1_210' title='bbox 140 2117 280 2186; x_wconf 80' lang='lat' dir='ltr'><strong>duit,</strong></span> <span class='ocrx_word' id='word_1_211' title='bbox 322 2137 389 2171; x_wconf 87' lang='lat' dir='ltr'><strong>ne</strong></span> <span class='ocrx_word' id='word_1_212' title='bbox 432 2118 812 2188; x_wconf 83' lang='lat' dir='ltr'><strong>deprecaturus</strong></span> <span class='ocrx_word' id='word_1_213' title='bbox 856 2123 939 2173; x_wconf 74' lang='lat' dir='ltr'><strong>est</strong></span> <span class='ocrx_word' id='word_1_214' title='bbox 983 2121 1221 2190; x_wconf 90' lang='lat' dir='ltr'><strong>quidem,</strong></span> <span class='ocrx_word' id='word_1_215' title='bbox 1266 2122 1439 2192; x_wconf 87' lang='lat' dir='ltr'><strong>ipsum</strong></span> <span class='ocrx_word' id='word_1_216' title='bbox 1482 2122 1584 2175; x_wconf 83' lang='lat' dir='ltr'><strong>sibi</strong></span> <span class='ocrx_word' id='word_1_217' title='bbox 1619 2141 1837 2177; x_wconf 87' lang='lat' dir='ltr'><strong>manum</strong></span> 
     </span>
     <span class='ocr_line' id='line_1_28' title="bbox 140 2191 1839 2266; baseline 0.004 -21"><span class='ocrx_word' id='word_1_218' title='bbox 140 2191 337 2246; x_wconf 84' lang='lat' dir='ltr'><strong>inicere</strong></span> <span class='ocrx_word' id='word_1_219' title='bbox 369 2197 422 2246; x_wconf 89' lang='lat' dir='ltr'><strong>et</strong></span> <span class='ocrx_word' id='word_1_220' title='bbox 461 2197 730 2262; x_wconf 88' lang='lat' dir='ltr'><strong>potestate</strong></span> <span class='ocrx_word' id='word_1_221' title='bbox 762 2213 859 2247; x_wconf 87' lang='lat' dir='ltr'><strong>sua</strong></span> <span class='ocrx_word' id='word_1_222' title='bbox 899 2195 952 2248; x_wconf 93' lang='lat' dir='ltr'><strong>in</strong></span> <span class='ocrx_word' id='word_1_223' title='bbox 985 2195 1178 2249; x_wconf 90' lang='lat' dir='ltr'><strong>melius</strong></span> <span class='ocrx_word' id='word_1_224' title='bbox 1218 2197 1590 2266; x_wconf 86' lang='lat' dir='ltr'><strong>placidiusque</strong></span> <span class='ocrx_word' id='word_1_225' title='bbox 1622 2198 1702 2251; x_wconf 92' lang='lat' dir='ltr'><strong>uti</strong></span> <span class='ocrx_word' id='word_1_226' title='bbox 1735 2197 1839 2252; x_wconf 93' lang='lat' dir='ltr'><strong>hoc</strong></span> 
     </span>
     <span class='ocr_line' id='line_1_29' title="bbox 140 2266 1837 2343; baseline 0.004 -23"><span class='ocrx_word' id='word_1_227' title='bbox 140 2266 314 2335; x_wconf 87' lang='lat' dir='ltr'><strong>ipsum</strong></span> <span class='ocrx_word' id='word_1_228' title='bbox 358 2267 711 2338; x_wconf 84' lang='lat' dir='ltr'><strong>cogitantem.</strong></span> <span class='ocrx_word' id='word_1_229' title='bbox 756 2268 1033 2323; x_wconf 81' lang='lat' dir='ltr'><strong>‘Occidere</strong></span> <span class='ocrx_word' id='word_1_230' title='bbox 1076 2275 1265 2324; x_wconf 88' lang='lat' dir='ltr'><strong>contra</strong></span> <span class='ocrx_word' id='word_1_231' title='bbox 1301 2271 1476 2343; x_wconf 87' lang='lat' dir='ltr'><strong>legem</strong></span> <span class='ocrx_word' id='word_1_232' title='bbox 1522 2290 1680 2326; x_wconf 92' lang='lat' dir='ltr'><strong>nemo</strong></span> <span class='ocrx_word' id='word_1_233' title='bbox 1727 2291 1837 2327; x_wconf 90' lang='lat' dir='ltr'><strong>non</strong></span> 
     </span>
     <span class='ocr_line' id='line_1_30' title="bbox 139 2345 1834 2418; baseline 0.005 -24"><span class='ocrx_word' id='word_1_234' title='bbox 139 2345 341 2411; x_wconf 84' lang='lat' dir='ltr'><strong>potest,</strong></span> <span class='ocrx_word' id='word_1_235' title='bbox 379 2360 589 2396; x_wconf 84' lang='lat' dir='ltr'><strong>servare</strong></span> <span class='ocrx_word' id='word_1_236' title='bbox 631 2361 789 2396; x_wconf 89' lang='lat' dir='ltr'><strong>nemo</strong></span> <span class='ocrx_word' id='word_1_237' title='bbox 830 2347 1041 2414; x_wconf 88' lang='lat' dir='ltr'><strong>praeter</strong></span> <span class='ocrx_word' id='word_1_238' title='bbox 1074 2364 1158 2399; x_wconf 89' lang='lat' dir='ltr'><strong>me</strong></span> <span class='ocrx_word' id='word_1_239' title='bbox 1162 2345 1213 2399; x_wconf 82' lang='lat'><strong>&#39;?</strong></span> <span class='ocrx_word' id='word_1_240' title='bbox 1267 2345 1520 2418; x_wconf 86' lang='lat' dir='ltr'><strong>Magnam</strong></span> <span class='ocrx_word' id='word_1_241' title='bbox 1559 2347 1834 2402; x_wconf 89' lang='lat' dir='ltr'><strong>fortunam</strong></span> 
     </span>
    </p>
   </div>
   <div class='ocr_carea' id='block_1_3' title="bbox 136 2474 1835 3006">
    <p class='ocr_par' dir='ltr' id='par_1_3' title="bbox 136 2474 1835 2955">
     <span class='ocr_line' id='line_1_31' title="bbox 213 2474 1744 2538; baseline 0.004 -20"><span class='ocrx_word' id='word_1_242' title='bbox 213 2482 232 2517; x_wconf 81' lang='grc' dir='ltr'><strong>ι</strong></span> <span class='ocrx_word' id='word_1_243' title='bbox 298 2474 438 2519; x_wconf 77' lang='lat' dir='ltr'><strong>remis</strong></span> <span class='ocrx_word' id='word_1_244' title='bbox 468 2477 634 2519; x_wconf 67' lang='lat' dir='ltr'><strong>An?</strong></span> <span class='ocrx_word' id='word_1_245' title='bbox 760 2476 874 2533; x_wconf 86' lang='lat' dir='ltr'><strong>quid</strong></span> <span class='ocrx_word' id='word_1_246' title='bbox 907 2480 1071 2521; x_wconf 61' lang='lat' dir='ltr'><strong>Art?</strong></span> <span class='ocrx_word' id='word_1_247' title='bbox 1198 2479 1258 2523; x_wconf 86' lang='lat' dir='ltr'><strong>ad</strong></span> <span class='ocrx_word' id='word_1_248' title='bbox 1289 2478 1414 2523; x_wconf 89' lang='lat' dir='ltr'><strong>hunc</strong></span> <span class='ocrx_word' id='word_1_249' title='bbox 1444 2480 1661 2538; x_wconf 76' lang='lat' dir='ltr'><strong>(saepius)</strong></span> <span class='ocrx_word' id='word_1_250' title='bbox 1691 2480 1744 2524; x_wconf 69' lang='lat'><strong>10¹</strong></span> 
     </span>
     <span class='ocr_line' id='line_1_32' title="bbox 138 2532 1835 2586; baseline 0.005 -10"><span class='ocrx_word' id='word_1_251' title='bbox 138 2541 162 2576; x_wconf 72' lang='lat' dir='ltr'><strong>s</strong></span> <span class='ocrx_word' id='word_1_252' title='bbox 194 2532 301 2577; x_wconf 85' lang='lat' dir='ltr'><strong>coli</strong></span> <span class='ocrx_word' id='word_1_253' title='bbox 341 2534 433 2580; x_wconf 85' lang='lat' dir='ltr'><strong>’tur</strong></span> <span class='ocrx_word' id='word_1_254' title='bbox 463 2549 490 2583; x_wconf 81' lang='grc' dir='ltr'>ς</span> <span class='ocrx_word' id='word_1_255' title='bbox 533 2534 653 2580; x_wconf 90' lang='lat' dir='ltr'><strong>colle</strong></span> <span class='ocrx_word' id='word_1_256' title='bbox 692 2535 729 2579; x_wconf 84' lang='lat' dir='ltr'><strong>‘t</strong></span> <span class='ocrx_word' id='word_1_257' title='bbox 759 2536 874 2582; x_wconf 60' lang='lat' dir='ltr'><strong>Bar.</strong></span> <span class='ocrx_word' id='word_1_258' title='bbox 1025 2545 1049 2580; x_wconf 79' lang='lat' dir='ltr'><strong>s</strong></span> <span class='ocrx_word' id='word_1_259' title='bbox 1080 2536 1209 2583; x_wconf 87' lang='lat' dir='ltr'><strong>clem.</strong></span> <span class='ocrx_word' id='word_1_260' title='bbox 1251 2538 1312 2583; x_wconf 79' lang='lat' dir='ltr'><strong>sit</strong></span> <span class='ocrx_word' id='word_1_261' title='bbox 1341 2542 1464 2583; x_wconf 77' lang='lat' dir='ltr'><strong>ArL</strong></span> <span class='ocrx_word' id='word_1_262' title='bbox 1615 2548 1635 2583; x_wconf 76' lang='grc'><strong>7</strong></span> <span class='ocrx_word' id='word_1_263' title='bbox 1669 2553 1835 2586; x_wconf 84' lang='lat' dir='ltr'><strong>manus</strong></span> 
     </span>
     <span class='ocr_line' id='line_1_33' title="bbox 138 2593 1835 2665; baseline 0.005 -29"><span class='ocrx_word' id='word_1_264' title='bbox 138 2593 246 2638; x_wconf 79' lang='lat' dir='ltr'><strong>add.</strong></span> <span class='ocrx_word' id='word_1_265' title='bbox 325 2608 434 2638; x_wconf 69' lang='lat' dir='ltr'><strong>uase</strong></span> <span class='ocrx_word' id='word_1_266' title='bbox 463 2594 629 2639; x_wconf 75' lang='lat' dir='ltr'><strong>dextra</strong></span> <span class='ocrx_word' id='word_1_267' title='bbox 738 2596 876 2641; x_wconf 60' lang='lat' dir='ltr'><strong>nuens</strong></span> <span class='ocrx_word' id='word_1_268' title='bbox 905 2596 1227 2665; x_wconf 79' lang='lat' dir='ltr'><strong>sustinendum</strong></span> <span class='ocrx_word' id='word_1_269' title='bbox 1252 2603 1285 2642; x_wconf 80' lang='lat'><strong>1·</strong></span> <span class='ocrx_word' id='word_1_270' title='bbox 1405 2598 1583 2644; x_wconf 84' lang='lat' dir='ltr'><strong>insidat</strong></span> <span class='ocrx_word' id='word_1_271' title='bbox 1613 2603 1649 2658; x_wconf 94' lang='lat'><strong>(-</strong></span> <span class='ocrx_word' id='word_1_272' title='bbox 1631 2601 1760 2645; x_wconf 86' lang='lat' dir='ltr'><strong>d-eat</strong></span> <span class='ocrx_word' id='word_1_273' title='bbox 1782 2602 1835 2657; x_wconf 82' lang='grc' dir='ltr'><strong>Δ)</strong></span> 
     </span>
     <span class='ocr_line' id='line_1_34' title="bbox 140 2654 1835 2712; baseline 0.005 -16"><span class='ocrx_word' id='word_1_274' title='bbox 140 2655 173 2696; x_wconf 88' lang='grc'><strong>0</strong></span> <span class='ocrx_word' id='word_1_275' title='bbox 203 2667 317 2698; x_wconf 74' lang='lat' dir='ltr'><strong>corr.</strong></span> <span class='ocrx_word' id='word_1_276' title='bbox 344 2654 505 2700; x_wconf 64' lang='lat' dir='ltr'><strong>Haase</strong></span> <span class='ocrx_word' id='word_1_277' title='bbox 646 2663 693 2698; x_wconf 78' lang='grc' dir='ltr'><strong>ιο</strong></span> <span class='ocrx_word' id='word_1_278' title='bbox 723 2656 820 2712; x_wconf 84' lang='lat' dir='ltr'><strong>qud</strong></span> <span class='ocrx_word' id='word_1_279' title='bbox 851 2656 911 2700; x_wconf 73' lang='lat'><strong>1¹¹</strong></span> <span class='ocrx_word' id='word_1_280' title='bbox 1047 2665 1089 2701; x_wconf 84' lang='grc' dir='ltr'><strong>ιι</strong></span> <span class='ocrx_word' id='word_1_281' title='bbox 1122 2656 1287 2702; x_wconf 88' lang='lat' dir='ltr'><strong>maiori</strong></span> <span class='ocrx_word' id='word_1_282' title='bbox 1318 2661 1354 2701; x_wconf 81' lang='grc' dir='ltr'><strong>Δ</strong></span> <span class='ocrx_word' id='word_1_283' title='bbox 1499 2666 1545 2703; x_wconf 73' lang='lat'><strong>1⁸</strong></span> <span class='ocrx_word' id='word_1_284' title='bbox 1577 2659 1772 2705; x_wconf 84' lang='lat' dir='ltr'><strong>interest</strong></span> <span class='ocrx_word' id='word_1_285' title='bbox 1802 2665 1835 2704; x_wconf 74' lang='lat'><strong>1.</strong></span> 
     </span>
     <span class='ocr_line' id='line_1_35' title="bbox 138 2711 1835 2778; baseline 0.006 -22"><span class='ocrx_word' id='word_1_286' title='bbox 138 2711 258 2757; x_wconf 78' lang='lat' dir='ltr'><strong>inter</strong></span> <span class='ocrx_word' id='word_1_287' title='bbox 281 2716 313 2756; x_wconf 89' lang='grc'><strong>0</strong></span> <span class='ocrx_word' id='word_1_288' title='bbox 344 2713 408 2758; x_wconf 83' lang='lat' dir='ltr'><strong>sit</strong></span> <span class='ocrx_word' id='word_1_289' title='bbox 428 2727 486 2759; x_wconf 74' lang='lat' dir='ltr'><strong>u.</strong></span> <span class='ocrx_word' id='word_1_290' title='bbox 511 2719 551 2758; x_wconf 75' lang='lat' dir='ltr'><strong>et</strong></span> <span class='ocrx_word' id='word_1_291' title='bbox 582 2715 787 2760; x_wconf 69' lang='lat' dir='ltr'><strong>eras.1⁸</strong></span> <span class='ocrx_word' id='word_1_292' title='bbox 817 2729 865 2760; x_wconf 77' lang='lat' dir='ltr'><strong>se</strong></span> <span class='ocrx_word' id='word_1_293' title='bbox 898 2715 961 2760; x_wconf 80' lang='lat' dir='ltr'><strong>sit</strong></span> <span class='ocrx_word' id='word_1_294' title='bbox 984 2733 1020 2761; x_wconf 84' lang='grc' dir='ltr'><strong>ω</strong></span> <span class='ocrx_word' id='word_1_295' title='bbox 1142 2718 1391 2763; x_wconf 80' lang='lat' dir='ltr'><strong>concordia</strong></span> <span class='ocrx_word' id='word_1_296' title='bbox 1414 2718 1473 2762; x_wconf 76' lang='grc' dir='ltr'><strong>Δι</strong></span> <span class='ocrx_word' id='word_1_297' title='bbox 1593 2727 1640 2763; x_wconf 70' lang='grc' dir='ltr'><strong>ιε</strong></span> <span class='ocrx_word' id='word_1_298' title='bbox 1662 2733 1835 2778; x_wconf 81' lang='lat' dir='ltr'><strong>magna</strong></span> 
     </span>
     <span class='ocr_line' id='line_1_36' title="bbox 139 2771 1744 2830; baseline 0.005 -14"><span class='ocrx_word' id='word_1_299' title='bbox 139 2771 360 2817; x_wconf 72' lang='lat' dir='ltr'><strong>animitas</strong></span> <span class='ocrx_word' id='word_1_300' title='bbox 391 2772 452 2817; x_wconf 73' lang='lat'><strong>1¹</strong></span> <span class='ocrx_word' id='word_1_301' title='bbox 555 2782 601 2817; x_wconf 71' lang='lat'><strong>1⁸</strong></span> <span class='ocrx_word' id='word_1_302' title='bbox 631 2787 754 2830; x_wconf 79' lang='lat' dir='ltr'><strong>quae</strong></span> <span class='ocrx_word' id='word_1_303' title='bbox 785 2779 818 2818; x_wconf 85' lang='lat'><strong>1.</strong></span> <span class='ocrx_word' id='word_1_304' title='bbox 919 2784 962 2819; x_wconf 75' lang='grc'><strong>17</strong></span> <span class='ocrx_word' id='word_1_305' title='bbox 990 2775 1066 2821; x_wconf 88' lang='lat' dir='ltr'><strong>uel</strong></span> <span class='ocrx_word' id='word_1_306' title='bbox 1097 2775 1264 2822; x_wconf 73' lang='lat' dir='ltr'><strong>fortius</strong></span> <span class='ocrx_word' id='word_1_307' title='bbox 1295 2782 1328 2821; x_wconf 80' lang='lat'><strong>1.</strong></span> <span class='ocrx_word' id='word_1_308' title='bbox 1361 2777 1407 2822; x_wconf 92' lang='lat' dir='ltr'><strong>in</strong></span> <span class='ocrx_word' id='word_1_309' title='bbox 1441 2777 1642 2825; x_wconf 82' lang='lat' dir='ltr'><strong>fortibus</strong></span> <span class='ocrx_word' id='word_1_310' title='bbox 1664 2784 1744 2824; x_wconf 72' lang='lat' dir='ltr'><strong>Ar</strong></span> 
     </span>
     <span class='ocr_line' id='line_1_37' title="bbox 138 2830 1835 2893; baseline 0.006 -18"><span class='ocrx_word' id='word_1_311' title='bbox 138 2830 307 2876; x_wconf 78' lang='lat' dir='ltr'><strong>malam</strong></span> <span class='ocrx_word' id='word_1_312' title='bbox 333 2847 418 2879; x_wconf 82' lang='lat' dir='ltr'><strong>om.</strong></span> <span class='ocrx_word' id='word_1_313' title='bbox 443 2837 515 2877; x_wconf 70' lang='lat'><strong>1⁸</strong></span> <span class='ocrx_word' id='word_1_314' title='bbox 628 2841 673 2878; x_wconf 73' lang='lat' dir='ltr'><strong>ns</strong></span> <span class='ocrx_word' id='word_1_315' title='bbox 705 2847 789 2878; x_wconf 88' lang='lat' dir='ltr'><strong>nec</strong></span> <span class='ocrx_word' id='word_1_316' title='bbox 820 2836 977 2881; x_wconf 77' lang='lat' dir='ltr'><strong>tamen</strong></span> <span class='ocrx_word' id='word_1_317' title='bbox 1003 2839 1040 2879; x_wconf 83' lang='grc' dir='ltr'><strong>Δ</strong></span> <span class='ocrx_word' id='word_1_318' title='bbox 1154 2850 1309 2893; x_wconf 72' lang='lat' dir='ltr'><strong>magn</strong></span> <span class='ocrx_word' id='word_1_319' title='bbox 1341 2838 1427 2884; x_wconf 84' lang='lat' dir='ltr'><strong>del.</strong></span> <span class='ocrx_word' id='word_1_320' title='bbox 1446 2839 1574 2885; x_wconf 75' lang='lat' dir='ltr'><strong>Pine.</strong></span> <span class='ocrx_word' id='word_1_321' title='bbox 1690 2849 1738 2885; x_wconf 74' lang='lat' dir='ltr'><strong>ss</strong></span> <span class='ocrx_word' id='word_1_322' title='bbox 1760 2854 1835 2885; x_wconf 80' lang='lat' dir='ltr'><strong>ra-</strong></span> 
     </span>
     <span class='ocr_line' id='line_1_38' title="bbox 136 2890 1833 2955; baseline 0.006 -20"><span class='ocrx_word' id='word_1_323' title='bbox 136 2890 231 2936; x_wconf 77' lang='lat' dir='ltr'><strong>tior</strong></span> <span class='ocrx_word' id='word_1_324' title='bbox 259 2904 287 2937; x_wconf 92' lang='grc' dir='ltr'><strong>ο</strong></span> <span class='ocrx_word' id='word_1_325' title='bbox 317 2892 379 2936; x_wconf 72' lang='lat'><strong>1¹</strong></span> <span class='ocrx_word' id='word_1_326' title='bbox 515 2901 564 2937; x_wconf 68' lang='grc' dir='ltr'><strong>αι</strong></span> <span class='ocrx_word' id='word_1_327' title='bbox 596 2893 963 2952; x_wconf 73' lang='lat' dir='ltr'><strong>interrogaturus</strong></span> <span class='ocrx_word' id='word_1_328' title='bbox 996 2899 1118 2941; x_wconf 67' lang='lat' dir='ltr'><strong>Ar?</strong></span> <span class='ocrx_word' id='word_1_329' title='bbox 1149 2900 1360 2955; x_wconf 81' lang='lat' dir='ltr'><strong>-rogatus</strong></span> <span class='ocrx_word' id='word_1_330' title='bbox 1392 2902 1424 2941; x_wconf 81' lang='lat'><strong>1.</strong></span> <span class='ocrx_word' id='word_1_331' title='bbox 1556 2906 1606 2943; x_wconf 73' lang='lat' dir='ltr'><strong>so</strong></span> <span class='ocrx_word' id='word_1_332' title='bbox 1638 2913 1723 2946; x_wconf 87' lang='lat' dir='ltr'><strong>nec</strong></span> <span class='ocrx_word' id='word_1_333' title='bbox 1755 2904 1833 2945; x_wconf 79' lang='grc' dir='ltr'><strong>ΔΙ.</strong></span> 
     </span>
    </p>

    <p class='ocr_par' dir='ltr' id='par_1_4' title="bbox 213 2951 1566 3006">
     <span class='ocr_line' id='line_1_39' title="bbox 213 2951 1566 3006; baseline 0.004 -8"><span class='ocrx_word' id='word_1_334' title='bbox 213 2952 286 2998; x_wconf 74' lang='lat' dir='ltr'><strong>eut</strong></span> <span class='ocrx_word' id='word_1_335' title='bbox 314 2951 399 2997; x_wconf 79' lang='lat' dir='ltr'><strong>del.</strong></span> <span class='ocrx_word' id='word_1_336' title='bbox 432 2967 461 3004; x_wconf 82' lang='grc' dir='ltr'>ς</span> <span class='ocrx_word' id='word_1_337' title='bbox 592 2960 642 2998; x_wconf 76' lang='lat' dir='ltr'><strong>ss</strong></span> <span class='ocrx_word' id='word_1_338' title='bbox 672 2966 764 2999; x_wconf 88' lang='lat' dir='ltr'><strong>non</strong></span> <span class='ocrx_word' id='word_1_339' title='bbox 796 2968 879 3001; x_wconf 85' lang='lat' dir='ltr'><strong>om.</strong></span> <span class='ocrx_word' id='word_1_340' title='bbox 914 2957 1035 3001; x_wconf 71' lang='lat' dir='ltr'><strong>Art.</strong></span> <span class='ocrx_word' id='word_1_341' title='bbox 1166 2964 1217 3002; x_wconf 71' lang='grc' dir='ltr'><strong>ιο</strong></span> <span class='ocrx_word' id='word_1_342' title='bbox 1248 2970 1384 3003; x_wconf 80' lang='lat' dir='ltr'><strong>nemo</strong></span> <span class='ocrx_word' id='word_1_343' title='bbox 1415 2972 1499 3006; x_wconf 89' lang='lat' dir='ltr'><strong>om.</strong></span> <span class='ocrx_word' id='word_1_344' title='bbox 1532 2963 1566 3004; x_wconf 82' lang='lat'><strong>1.</strong></span> 
     </span>
    </p>
   </div>
   <div class='ocr_carea' id='block_1_4' title="bbox 1877 795 1902 834">
    <p class='ocr_par' dir='ltr' id='par_1_5' title="bbox 1877 795 1902 834">
     <span class='ocr_line' id='line_1_40' title="bbox 1877 795 1902 834; baseline 0 0"><span class='ocrx_word' id='word_1_345' title='bbox 1877 795 1902 834; x_wconf 81' lang='lat'>2</span> 
     </span>
    </p>
   </div>
  </div>
 </body>
</html>
