2020 3132
458 97 541 143 DE
573 94 926 143 CLEMENTIA
955 94 1068 142 LIB.
1100 94 1121 139 Ι
1152 93 1281 139 ΟΑΡ.
1312 98 1489 139 21—23
1715 92 1824 146 239

126 237 463 291 obterentem
501 233 912 304 inquinantibus
951 230 1254 286 reducenda
1290 249 1483 284 manus
1529 233 1633 301 est3
1672 232 1729 284 at
1768 229 1826 282 in

124 313 209 380 iis,
240 313 335 382 qui
360 312 416 364 in
441 328 532 364 ore
555 308 793 363 civitatis
817 308 1016 362 servati
1038 306 1324 377 punitique
1349 308 1522 376 erunt,
1547 305 1826 359 occasione

125 389 287 439 notae
321 385 635 439 clementiae
664 383 922 437 utendum
955 385 1049 436 est.

200 460 557 515 Transeamus
604 457 671 511 ad
724 458 926 511 alienas
980 456 1226 525 iniurias,
1271 455 1329 508 in
1375 454 1572 525 quibus
1619 454 1788 508 vindi-
1828 466 1852 506 1
1877 458 2004 503 XXII

79 559 100 592 s
125 535 310 590 candis
348 535 482 590 haec
519 534 626 587 tria
662 532 750 587 lex
788 535 971 587 secuta
1009 534 1113 601 est,
1151 548 1287 600 quae
1318 531 1570 600 princeps
1609 547 1824 599 quoque

126 609 278 680 sequi
310 609 488 663 debet:
521 611 615 662 aut
645 611 708 661 ut
739 626 883 675 eum,
916 623 1076 676 quem
1113 605 1293 675 punit,
1332 604 1598 674 emendet,
1636 606 1732 658 aut
1767 608 1828 658 ut

123 703 298 754 poena
326 685 442 738 eius
474 686 682 737 ceteros
706 682 955 735 meliores
977 680 1182 748 reddat,
1205 682 1300 733 aut
1325 682 1384 732 ut
1415 678 1643 733 sublatis
1667 678 1824 732 malis

125 759 420 813 securiores
445 757 607 813 ceteri
630 757 831 811 vivant.
862 755 1017 826 Ipsos
1041 754 1255 810 facilius
1279 753 1587 808 emendabis
1619 754 1824 808 minore

125 852 321 904 poena3
353 833 667 904 diligentius
700 833 843 884 enim
874 830 1023 900 vivit,
1055 830 1141 883 cui
1173 829 1379 899 aliquid
1411 828 1610 901 integri
1641 847 1823 900 super-

57 935 101 967 ιο
125 912 221 962 est.
273 907 450 961 Nemo
490 906 746 978 dignitati
784 905 1023 974 perditae
1062 905 1255 975 parcit3
1294 903 1615 973 inpunitatis
1655 921 1824 975 genus

125 986 206 1037 est
259 982 365 1035 iam
420 999 532 1035 non
584 981 782 1034 habere
836 997 1039 1049 poenae
1092 979 1287 1032 locum.
1342 977 1590 1032 Civitatis
1645 982 1824 1032 autem
1858 994 1883 1033 2

127 1075 302 1112 mores
339 1056 514 1128 magis
557 1054 783 1127 corrigit
823 1054 1059 1124 parcitas
1102 1052 1649 1123 animadversionum3
1691 1053 1825 1107 facit

126 1133 267 1186 enim
302 1130 743 1186 consuetudinem
773 1128 1034 1200 peccandi
1065 1127 1359 1182 multitudo
1390 1127 1747 1198 peccantium,
1771 1131 1825 1181 et

126 1209 305 1261 minus
336 1205 518 1278 gravis
549 1208 680 1259 nota
711 1207 808 1269 est,
840 1222 1003 1274 quam
1034 1203 1197 1256 turba
1228 1202 1634 1256 damnationum
1666 1204 1825 1272 levat,

59 1306 101 1340 ιι
126 1286 180 1335 et
212 1281 491 1351 severim,
531 1280 675 1350 quod
714 1278 1010 1332 maximum
1043 1277 1338 1332 remedium
1372 1277 1556 1343 habet,
1595 1277 1825 1331 adsidui-

123 1361 238 1412 tate
268 1356 473 1411 amittit
502 1355 890 1409 auctoritatem.
954 1351 1250 1407 Constituit
1281 1353 1452 1406 bonos
1490 1370 1668 1406 mores
1699 1353 1825 1407 civi-
1857 1370 1882 1407 3

125 1432 227 1485 tati
266 1432 515 1502 princeps
555 1433 611 1484 et
650 1429 782 1482 vitia
819 1428 976 1496 eluit,
1016 1429 1063 1483 si
1102 1428 1313 1497 patiens
1353 1445 1539 1481 eorum
1580 1431 1684 1497 est,
1714 1446 1824 1481 non
1908 1483 1910 1486 ,

127 1512 407 1576 tamquam
439 1504 657 1576 probet,
695 1503 789 1557 sed
827 1507 1102 1573 tamquam
1142 1502 1344 1557 invitus
1384 1506 1439 1555 et
1469 1520 1594 1556 cum
1625 1520 1823 1574 magno

126 1584 397 1635 tormento
429 1580 496 1634 ad
529 1578 902 1651 castigandum
925 1578 1121 1631 veniat.
1154 1577 1547 1632 Verecundiam
1569 1578 1825 1647 peccandi

59 1682 104 1716 ,ο
130 1657 263 1710 facit
293 1657 411 1727 ipsa
442 1654 730 1710 clementia
758 1653 1018 1726 regentis3
1050 1652 1267 1725 gravior
1289 1651 1462 1706 multo
1487 1670 1660 1722 poena
1683 1653 1826 1706 vide-

128 1737 233 1800 tur,
265 1749 402 1801 quae
432 1750 465 1785 a
494 1729 616 1783 miti
648 1730 765 1783 viro
797 1727 1160 1782 constituitur.

200 1805 482 1860 Praeterea
527 1803 735 1859 videbis
781 1821 843 1857 ea
890 1820 1050 1872 saepe
1097 1802 1368 1872 conmitti,
1415 1819 1552 1871 quae
1599 1820 1758 1872 saepe
1800 1813 1822 1853 1
1857 1808 2005 1854 xxm

125 1879 482 1934 vindicantur.
499 1878 660 1933 Pater
682 1882 809 1932 tuus
832 1877 1014 1948 plures
1039 1878 1182 1931 intra
1197 1876 1627 1948 quinquennium
1650 1879 1824 1932 culleo

127 1956 312 2026 insuit,
342 1973 504 2025 quam
537 1953 786 2007 omnibus
811 1952 1038 2007 saeculis
1063 1952 1273 2006 insutos
1297 1951 1617 2022 accepimus.
1650 1951 1824 2007 Multo

58 2055 101 2088 ιε
125 2031 304 2084 minus
336 2029 604 2083 audebant
634 2028 792 2082 liberi
831 2027 983 2081 nefas
1023 2026 1276 2080 ultimum
1316 2026 1624 2097 admittere,
1662 2045 1824 2098 quam

126 2105 217 2158 diu
250 2104 365 2159 sine
396 2103 514 2176 lege
545 2105 747 2157 crimen
777 2103 898 2156 fuit.
931 2100 1154 2155 Summa
1185 2101 1329 2156 enim
1361 2101 1648 2172 prudentia
1679 2101 1825 2156 altis-

125 2180 249 2233 simi
280 2179 380 2232 viri
414 2183 469 2233 et
497 2196 675 2232 rerum
716 2181 940 2231 naturae
979 2176 1292 2247 peritissimi
1331 2176 1638 2231 maluerunt
1677 2176 1827 2231 velut

127 2253 440 2309 incredibile
470 2252 643 2307 scelus
674 2257 730 2307 et
760 2252 903 2306 ultra
941 2251 1219 2307 audaciam
1258 2251 1498 2323 positum
1535 2252 1825 2322 praeterire

129 2348 308 2399 quam,
340 2328 469 2382 dum
500 2327 791 2396 vindicant,
821 2326 1100 2381 ostendere
1131 2344 1291 2396 posse
1321 2326 1460 2397 fieri;
1491 2327 1674 2397 itaque
1704 2345 1827 2397 par-

199 2532 224 2567 8
254 2523 295 2567 is
318 2526 358 2567 Ι
389 2522 463 2567 hi·
490 2526 607 2567 110?
726 2530 751 2565 ο
782 2524 836 2567 ut
867 2522 975 2568 aad.
1000 2537 1035 2566 ω
1159 2529 1179 2565 2
1213 2534 1392 2579 poenae
1423 2521 1531 2565 ΠΒ*
1651 2521 1700 2566 in
1732 2520 1827 2566 sul-

126 2582 238 2629 latis
267 2587 302 2626 1.
428 2591 453 2627 8
485 2582 652 2627 uibaut
681 2581 786 2640 ipso
816 2585 856 2626 Ι
977 2579 1250 2627 emendabit
1279 2586 1312 2624 1.
1439 2589 1464 2625 0
1495 2594 1622 2639 pona
1651 2585 1739 2625 RB

127 2652 174 2687 ιο
203 2642 358 2701 pascit
387 2646 427 2686 1
577 2651 619 2686 ιι
715 2654 804 2687 nae
833 2645 873 2686 1
1022 2650 1070 2685 n
1101 2640 1295 2699 corripit
1325 2645 1401 2684 rr
1445 2640 1655 2699 corrupit
1692 2645 1726 2684 1.

124 2702 305 2761 paritas
328 2706 367 2746 1
488 2702 614 2747 anim
683 2701 944 2747 uei-sionem
969 2701 1029 2745 Β*
1150 2710 1196 2745 1⁸
1219 2699 1445 2746 multitud
1469 2705 1508 2745 u
1624 2709 1670 2745 14
1696 2700 1827 2746 dam-

124 2765 375 2820 pnatorum
407 2767 440 2805 ‘r
561 2770 607 2806 ιι
639 2762 867 2807 securitas
898 2763 950 2807 in
980 2775 1071 2808 ras.
1104 2766 1137 2805 1.
1259 2769 1302 2804 ιτ
1336 2760 1456 2806 eluit
1490 2761 1624 2807 Gertz
1660 2760 1761 2806 eius
1795 2766 1825 2805 0

126 2822 348 2868 emendat
376 2836 435 2868 οε.
458 2837 516 2867 m.
539 2835 652 2868 noc.
682 2822 827 2867 XIII
853 2822 906 2867 ἐκ
927 2826 963 2865 r
994 2820 1118 2866 eruit
1144 2819 1329 2867 Gronov
1354 2820 1635 2882 (vindicat)
1660 2836 1699 2865 v.
1726 2821 1827 2867 eius

127 2882 358 2929 Rossbach
507 2890 553 2926 n
585 2881 742 2927 ..mitti
791 2881 809 2926 i
839 2882 919 2927 alt.
951 2895 1008 2927 ex
1038 2894 1066 2928 ο
1096 2882 1152 2938 B)
1182 2885 1262 2925 BP
1404 2889 1454 2925 n
1488 2881 1741 2939 Ptopterea
1772 2881 1830 2925 ι’

199 2949 249 2986 u
278 2941 404 2987 infra
434 2945 472 2985 Ι
622 2949 672 2986 ⁸8
703 2955 764 2986 au
858 2941 907 2987 ia
935 2957 979 2999 p.
1013 2940 1292 2999 praeteriret
1319 2944 1359 2984 11
