2020 3132
242 137 348 189 130
777 136 824 180 L.
862 135 1099 180 ANNAEI
1133 134 1404 180 SENECAE

181 291 204 329 6
239 275 398 343 pitur.
448 271 907 336 Quemadmodum
940 272 1247 326 stomachus
1279 273 1468 326 morbo
1500 273 1722 326 vitiatus
1751 278 1804 326 et
1836 274 1939 327 col-

238 349 411 418 ligens
446 347 626 416 bilem,
659 365 1024 416 quoscumque
1058 347 1263 416 accepit
1296 347 1455 412 cibos,
1491 351 1667 400 mutat
1698 351 1751 400 et
1783 367 1939 401 omne

240 421 554 475 alimentum
587 422 642 473 in
672 439 886 474 causam
920 421 1119 475 doloris
1151 421 1335 490 trahit,
1366 422 1442 474 ita
1473 423 1682 475 animus
1710 440 1941 492 scaeVUS,

241 496 502 566 quidquid
533 497 613 550 illi
647 496 983 566 conmiseriS,
1022 496 1078 547 id
1112 514 1246 548 onus
1287 515 1443 548 suum
1476 499 1529 548 et
1567 497 1856 565 perniciem
1889 502 1942 550 et

242 573 577 624 occasionem
603 571 847 624 miseriae
872 571 1014 623 facit.
1064 570 1411 624 Felicissimis
1445 571 1626 654 itaque
1652 571 1941 640 opulentis·
1988 594 2009 626 5

241 646 498 714 simisque
522 646 814 714 plurimum
847 649 1025 698 aestus
1051 645 1234 698 subest
1257 645 1541 714 minusque
1567 663 1621 699 se
1645 647 1939 715 inveniunt,

242 739 347 789 quo
380 720 436 772 in
468 722 725 773 maiorem
751 720 1029 772 materiam
1061 719 1379 804 inciderunt,
1413 738 1518 788 qua
1541 720 1940 774 fluctuarentur.

185 813 207 851 7
242 795 391 865 Ergo
417 794 554 846 nihil
576 798 758 864 potest
782 795 849 846 ad
874 795 1044 847 malos
1069 795 1361 863 pervenire,
1394 795 1536 863 611οᾱ
1560 796 1746 865 piosit,
1778 795 1941 848 immo

242 868 395 938 nihil,
428 873 570 938 quod
602 887 711 921 non
742 872 954 939 noceat,
992 887 1358 938 quaecumque
1391 869 1532 921 enim
1563 869 1674 922 illis
1708 870 1943 940 contige-

242 947 385 1011 runt,
415 945 473 996 in
503 946 751 996 naturam
785 962 935 996 suam
967 946 1184 997 vertunt
1217 947 1270 996 et
1302 947 1454 996 extra
1485 944 1726 1012 speciosa
1757 945 1942 1013 profu—
1970 967 2010 999 ιο

242 1023 491 1088 turaque,
532 1019 577 1071 si
616 1018 826 1071 meliori
867 1018 1153 1088 darentur,
1181 1018 1290 1071 illis
1329 1018 1585 1087 pestifera
1624 1022 1762 1071 sunt.
1817 1018 1942 1071 Ideo

243 1111 341 1147 nec
365 1093 685 1146 beneficium
711 1093 836 1145 dare
860 1096 1103 1162 possunt,
1128 1094 1380 1161 quoniam
1403 1110 1560 1144 nemo
1581 1095 1775 1162 potest,
1801 1095 1943 1163 quod

243 1187 354 1221 non
384 1169 563 1236 habet,
596 1168 742 1237 dare3
777 1167 868 1220 hic
900 1167 1034 1220 bene
1066 1167 1298 1220 faciendi
1332 1166 1606 1220 voluntate
1639 1170 1796 1220 caret.

64 1250 170 1295 XIII
201 1256 219 1293 1
326 1241 429 1295 Sed
463 1242 706 1311 quamvis
746 1243 877 1295 haec
914 1243 990 1295 ita
1022 1242 1154 1311 sint,
1193 1242 1433 1310 accipere
1466 1242 1624 1295 etiam
1666 1243 1836 1295 malus
1869 1245 1945 1295 ta-

244 1336 368 1370 men
393 1317 653 1386 quaedam
678 1319 872 1386 potest,
905 1335 1040 1386 quae
1063 1316 1336 1370 beneficiis
1363 1315 1560 1369 similia
1593 1316 1715 1386 sint,
1748 1317 1941 1386 quibus
1971 1339 2010 1373 15

243 1411 354 1445 non
384 1391 605 1444 redditis
644 1391 888 1462 ingratus
929 1392 1042 1444 erit.
1093 1390 1232 1444 Sunt
1269 1391 1434 1444 animi
1464 1392 1626 1456 bona,
1667 1395 1792 1444 sunt
1832 1410 1944 1444 cor-

245 1466 417 1537 poriS,
458 1470 582 1519 sunt
621 1467 891 1536 fortunae,
931 1467 1025 1519 illa
1063 1466 1229 1518 animi
1268 1466 1411 1519 bona
1442 1484 1473 1518 a
1505 1466 1672 1519 stulto
1712 1483 1773 1518 ac
1804 1465 1945 1519 malo

247 1542 653 1611 submoventur,
682 1541 749 1593 ad
772 1541 904 1594 haec
929 1539 1246 1610 admittitur,
1271 1559 1407 1610 quae
1432 1544 1486 1593 et
1509 1540 1744 1610 accipere
1768 1543 1947 1610 potest

246 1620 299 1669 et
325 1617 482 1669 debet
506 1615 739 1685 reddere,
771 1619 838 1684 et,
872 1616 916 1668 si
941 1634 1048 1667 non
1072 1615 1263 1684 reddit,
1296 1615 1538 1686 ingratus
1565 1618 1660 1668 est.
1706 1614 1822 1668 Nec
1845 1615 1948 1668 hoc

247 1709 311 1744 ex
335 1694 518 1744 nostra
549 1693 760 1743 tantum
789 1690 1195 1760 constitutione3
1227 1689 1570 1759 Peripatetici
1595 1707 1823 1760 quoque,
1855 1690 1947 1759 qui
1972 1714 2015 1746 20

246 1765 522 1819 felicitatis
547 1766 812 1818 humanae
836 1766 997 1835 longe
1021 1764 1236 1833 lateque
1259 1766 1518 1817 terminos
1542 1768 1767 1834 ponunt,
1797 1765 1948 1817 aiunt

248 1841 458 1894 minuta
479 1840 738 1892 beneficia
765 1843 1087 1908 perventura
1113 1839 1180 1891 ad
1203 1839 1397 1909 malos3
1429 1839 1559 1892 haec
1584 1839 1677 1908 qui
1700 1857 1808 1892 non
1834 1839 1947 1892 red-

191 1932 214 1971 2
250 1916 343 1983 dit,
374 1915 617 1984 ingratus
643 1917 736 1967 est.
783 1913 957 1967 Nobis
989 1913 1171 1982 itaque
1194 1913 1451 1967 beneficia
1476 1931 1589 1966 esse
1617 1931 1726 1966 non
1758 1913 1948 1982 placet,

252 2009 388 2059 quae
420 2008 529 2042 non
562 1992 686 2042 sunt
718 1988 955 2041 animum
987 1987 1195 2042 factura
1226 1988 1525 2058 meliorem,
1558 1988 1839 2040 commoda
1871 1991 1947 2040 ta-

248 2083 372 2118 men
401 2064 496 2117 illa
534 2082 648 2116 esse
680 2066 733 2115 et
766 2063 1060 2133 expetenda
1098 2081 1206 2116 non
1245 2081 1517 2133 negamus.
1566 2061 1713 2115 Haec
1745 2066 1798 2115 et
1829 2062 1944 2115 viro
1971 2084 2012 2119 25

248 2141 391 2192 bono
425 2139 549 2191 dare
580 2139 754 2191 malus
785 2141 966 2208 potest
991 2141 1044 2191 et
1068 2137 1303 2207 accipere
1321 2145 1358 2190 'a
1390 2137 1548 2207 bon0,
1579 2141 1643 2190 ut
1664 2138 1946 2207 pecuniam

250 2217 303 2266 et
337 2216 536 2267 vestem
578 2216 631 2266 et
668 2214 899 2266 honores
932 2215 984 2266 et
1024 2213 1213 2282 vitam3
1257 2230 1392 2280 quae
1433 2212 1477 2264 si
1509 2230 1617 2265 non
1656 2211 1852 2282 reddit,
1892 2212 1947 2263 in

324 2386 347 2420 2
378 2377 583 2420 mutatat
605 2376 667 2418 Νι
697 2375 860 2419 11111161
882 2375 943 2418 ΒῙ
972 2375 1120 2419 mittit
1146 2380 1221 2419 GP
1316 2384 1340 2418 3
1373 2388 1563 2419 scaevus
1586 2376 1777 2420 Jwretus
1808 2387 1947 2417 aecus

250 2441 335 2479 NR
367 2437 566 2494 c(a)ecus
591 2440 667 2479 GP
788 2443 811 2478 5
843 2434 1002 2480 miseri
1026 2435 1088 2478 Nl
1210 2434 1512 2479 felicissimus
1537 2439 1572 2477 G
1693 2433 1949 2490 opulentis-

252 2496 488 2552 simusque
514 2496 572 2539 G¹
662 2505 685 2538 6
719 2495 876 2539 sedem
908 2495 1000 2539 inv.
1020 2495 1163 2550 Koch,
1186 2495 1265 2539 sed
1289 2495 1369 2550 cfr.
1393 2495 1587 2538 Thomas
1603 2494 1768 2538 Philoz.
1786 2493 1948 2550 Suppl-

261 2557 390 2601 VIII
409 2559 504 2601 207
528 2557 635 2600 adn.
662 2559 748 2599 161
873 2563 891 2597 7
919 2569 1013 2611 qua
1036 2529 1353 2611 (fluctuarent)
1377 2558 1415 2596 V
1447 2565 1588 2609 quam
1614 2557 1645 2595 0
1765 2560 1813 2595 10
1843 2566 1948 2608 pro-

251 2617 450 2671 turaquo
474 2615 536 2658 ΠΙ
655 2623 698 2657 11
731 2614 771 2658 si
802 2613 984 2658 meliori
1010 2618 1041 2656 G
1075 2613 1304 2657 similiora
1336 2612 1393 2670 (si
1424 2613 1619 2657 meliora
1642 2612 1691 2669 P)
1718 2616 1748 2655 0
1783 2612 1822 2655 si
1853 2625 1948 2656 me-

251 2674 448 2719 lioribus
482 2689 509 2724 ς
613 2683 661 2717 12
694 2674 806 2717 dare
838 2688 931 2717 non
962 2689 1008 2730 p.
1041 2675 1151 2730 (non
1183 2688 1283 2730 exp.
1307 2688 1365 2718 m.
1389 2675 1501 2729 2)11
1601 2680 1648 2714 18
1679 2671 1788 2714 hinc
1812 2673 1945 2716 Pinc.

327 2735 394 2778 sic
425 2735 574 2791 (Lps.)
594 2770 603 2778 .
623 2769 632 2779 .
654 2733 924 2790 ‚voluptate
955 2735 1116 2777 carent
1141 2734 1276 2778 Gertz
1398 2741 1445 2775 14
1477 2745 1573 2776 acc.
1605 2733 1765 2774 tamen
1795 2730 1947 2774 malus

254 2810 296 2850 q.
331 2799 407 2838 GP
545 2802 592 2836 16
625 2807 746 2849 corp.
781 2795 890 2836 sunt
921 2794 1076 2837 anime
1108 2794 1217 2836 sunt
1247 2793 1276 2836 f.
1310 2797 1343 2834 F
1479 2799 1525 2834 18
1558 2789 1793 2833 amittitur
1825 2795 1859 2833 G

178 2903 186 2909 ,
252 2863 302 2897 23
332 2853 496 2908 utique
532 2853 667 2897 Gertz
802 2861 850 2896 24
884 2852 1125 2896 commodo
1159 2857 1194 2895 G
1329 2859 1377 2894 25
1410 2849 1671 2907 expetenda
1704 2850 1742 2905 (t
1771 2850 1824 2892 in
1853 2864 1944 2894 ras.

254 2914 306 2970 G>
339 2918 413 2955 GP
445 2912 737 2968 expectanda
766 2916 852 2955 NR
973 2911 1152 2955 etauiro
1185 2913 1231 2968 (a
1263 2911 1365 2967 del.)
1397 2915 1436 2952 N
1556 2918 1605 2952 26
1635 2922 1736 2965 pec.
1768 2910 1946 2952 uestem

253 2972 451 3017 honores
484 2973 531 3015 et
562 2976 637 3013 GP
758 2979 804 3014 27
838 2971 1005 3015 reddet
1036 2988 1070 3015 ω
