<?xml version="1.0" encoding="UTF-8"?>
<!DOCTYPE html PUBLIC "-//W3C//DTD XHTML 1.0 Transitional//EN"
    "http://www.w3.org/TR/xhtml1/DTD/xhtml1-transitional.dtd">
<html xmlns="http://www.w3.org/1999/xhtml" xml:lang="en" lang="en">
 <head>
  <title>
</title>
<meta http-equiv="Content-Type" content="text/html;charset=utf-8" />
  <meta name='ocr-system' content='tesseract 3.04.00' />
  <meta name='ocr-capabilities' content='ocr_page ocr_carea ocr_par ocr_line ocrx_word'/>
</head>
<body>
  <div class='ocr_page' id='page_1' title='image "./f2operaquaesuper01seneuoft_0049.png"; bbox 0 0 2020 3132; ppageno 0'>
   <div class='ocr_carea' id='block_1_1' title="bbox 487 114 1802 167">
    <p class='ocr_par' dir='ltr' id='par_1_1' title="bbox 487 114 1802 167">
     <span class='ocr_line' id='line_1_1' title="bbox 487 114 1802 167; baseline -0.005 -5"><span class='ocrx_word' id='word_1_1' title='bbox 487 118 568 162; x_wconf 87' lang='lat' dir='ltr'><strong>DE</strong></span> <span class='ocrx_word' id='word_1_2' title='bbox 602 116 937 162; x_wconf 81' lang='lat' dir='ltr'>BENEFICIIS</span> <span class='ocrx_word' id='word_1_3' title='bbox 970 115 1079 160; x_wconf 81' lang='lat' dir='ltr'><strong>LIB.</strong></span> <span class='ocrx_word' id='word_1_4' title='bbox 1110 116 1132 160; x_wconf 95' lang='grc' dir='ltr'><strong>Ῑ</strong></span> <span class='ocrx_word' id='word_1_5' title='bbox 1164 116 1290 161; x_wconf 81' lang='grc' dir='ltr'><strong>ΟΔΡ.</strong></span> <span class='ocrx_word' id='word_1_6' title='bbox 1324 120 1364 159; x_wconf 81' lang='grc'><strong>6.</strong></span> <span class='ocrx_word' id='word_1_7' title='bbox 1400 119 1424 158; x_wconf 81' lang='lat'><strong>7</strong></span> <span class='ocrx_word' id='word_1_8' title='bbox 1738 114 1802 167; x_wconf 88' lang='lat'><strong>11</strong></span> 
     </span>
    </p>
   </div>
   <div class='ocr_carea' id='block_1_2' title="bbox 39 250 1815 2197">
    <p class='ocr_par' dir='ltr' id='par_1_2' title="bbox 39 250 1815 2197">
     <span class='ocr_line' id='line_1_2' title="bbox 108 250 1808 324; baseline -0.005 -13"><span class='ocrx_word' id='word_1_9' title='bbox 108 259 194 311; x_wconf 83' lang='lat' dir='ltr'><strong>vel</strong></span> <span class='ocrx_word' id='word_1_10' title='bbox 225 274 291 310; x_wconf 83' lang='lat' dir='ltr'><strong>ex</strong></span> <span class='ocrx_word' id='word_1_11' title='bbox 320 257 427 309; x_wconf 87' lang='lat' dir='ltr'><strong>hoc</strong></span> <span class='ocrx_word' id='word_1_12' title='bbox 457 254 741 324; x_wconf 76' lang='lat' dir='ltr'><strong>intellegas</strong></span> <span class='ocrx_word' id='word_1_13' title='bbox 771 253 923 319; x_wconf 88' lang='lat' dir='ltr'><strong>licet,</strong></span> <span class='ocrx_word' id='word_1_14' title='bbox 956 252 1099 321; x_wconf 89' lang='lat' dir='ltr'><strong>quod</strong></span> <span class='ocrx_word' id='word_1_15' title='bbox 1139 251 1460 305; x_wconf 86' lang='lat' dir='ltr'><strong>beneficium</strong></span> <span class='ocrx_word' id='word_1_16' title='bbox 1497 251 1685 319; x_wconf 88' lang='lat' dir='ltr'><strong>utique</strong></span> <span class='ocrx_word' id='word_1_17' title='bbox 1716 250 1808 303; x_wconf 92' lang='lat' dir='ltr'><strong>bo-</strong></span> 
     </span>
     <span class='ocr_line' id='line_1_3' title="bbox 108 326 1809 397; baseline -0.006 -11"><span class='ocrx_word' id='word_1_18' title='bbox 108 351 237 386; x_wconf 89' lang='lat' dir='ltr'><strong>num</strong></span> <span class='ocrx_word' id='word_1_19' title='bbox 269 334 373 396; x_wconf 87' lang='lat' dir='ltr'><strong>est,</strong></span> <span class='ocrx_word' id='word_1_20' title='bbox 416 329 470 382; x_wconf 92' lang='lat' dir='ltr'><strong>id</strong></span> <span class='ocrx_word' id='word_1_21' title='bbox 501 331 706 396; x_wconf 88' lang='lat' dir='ltr'><strong>autem,</strong></span> <span class='ocrx_word' id='word_1_22' title='bbox 738 326 882 397; x_wconf 91' lang='lat' dir='ltr'><strong>quod</strong></span> <span class='ocrx_word' id='word_1_23' title='bbox 914 328 977 379; x_wconf 89' lang='lat' dir='ltr'><strong>fit</strong></span> <span class='ocrx_word' id='word_1_24' title='bbox 1009 330 1104 379; x_wconf 92' lang='lat' dir='ltr'><strong>aut</strong></span> <span class='ocrx_word' id='word_1_25' title='bbox 1135 327 1314 394; x_wconf 86' lang='lat' dir='ltr'><strong>datur,</strong></span> <span class='ocrx_word' id='word_1_26' title='bbox 1345 344 1445 380; x_wconf 88' lang='lat' dir='ltr'><strong>nec</strong></span> <span class='ocrx_word' id='word_1_27' title='bbox 1476 326 1678 379; x_wconf 89' lang='lat' dir='ltr'><strong>bonum</strong></span> <span class='ocrx_word' id='word_1_28' title='bbox 1710 342 1809 377; x_wconf 88' lang='lat' dir='ltr'><strong>nec</strong></span> 
     </span>
     <span class='ocr_line' id='line_1_4' title="bbox 107 399 1808 471; baseline -0.005 -11"><span class='ocrx_word' id='word_1_29' title='bbox 107 406 309 460; x_wconf 88' lang='lat' dir='ltr'><strong>malum</strong></span> <span class='ocrx_word' id='word_1_30' title='bbox 342 407 436 458; x_wconf 89' lang='lat' dir='ltr'><strong>est.</strong></span> <span class='ocrx_word' id='word_1_31' title='bbox 485 401 715 456; x_wconf 86' lang='lat' dir='ltr'><strong>Animus</strong></span> <span class='ocrx_word' id='word_1_32' title='bbox 748 405 852 466; x_wconf 79' lang='lat' dir='ltr'><strong>est,</strong></span> <span class='ocrx_word' id='word_1_33' title='bbox 885 401 978 471; x_wconf 92' lang='lat' dir='ltr'><strong>qui</strong></span> <span class='ocrx_word' id='word_1_34' title='bbox 1012 419 1177 471; x_wconf 85' lang='lat' dir='ltr'><strong>parva</strong></span> <span class='ocrx_word' id='word_1_35' title='bbox 1209 400 1445 470; x_wconf 73' lang='lat' dir='ltr'><strong>extollit,</strong></span> <span class='ocrx_word' id='word_1_36' title='bbox 1484 399 1700 453; x_wconf 89' lang='lat' dir='ltr'><strong>sordida</strong></span> <span class='ocrx_word' id='word_1_37' title='bbox 1731 399 1808 452; x_wconf 91' lang='lat' dir='ltr'><strong>in-</strong></span> 
     </span>
     <span class='ocr_line' id='line_1_5' title="bbox 107 475 1810 550; baseline -0.005 -16"><span class='ocrx_word' id='word_1_38' title='bbox 107 482 319 549; x_wconf 87' lang='lat' dir='ltr'><strong>lustrat,</strong></span> <span class='ocrx_word' id='word_1_39' title='bbox 344 497 540 550; x_wconf 90' lang='lat' dir='ltr'><strong>magna</strong></span> <span class='ocrx_word' id='word_1_40' title='bbox 564 481 619 531; x_wconf 87' lang='lat' dir='ltr'><strong>et</strong></span> <span class='ocrx_word' id='word_1_41' title='bbox 643 477 698 530; x_wconf 90' lang='lat' dir='ltr'><strong>in</strong></span> <span class='ocrx_word' id='word_1_42' title='bbox 723 477 896 547; x_wconf 90' lang='lat' dir='ltr'><strong>pretio</strong></span> <span class='ocrx_word' id='word_1_43' title='bbox 923 475 1111 529; x_wconf 90' lang='lat' dir='ltr'><strong>habita</strong></span> <span class='ocrx_word' id='word_1_44' title='bbox 1142 475 1484 545; x_wconf 82' lang='lat' dir='ltr'><strong>dehonestat3</strong></span> <span class='ocrx_word' id='word_1_45' title='bbox 1517 475 1650 544; x_wconf 85' lang='lat' dir='ltr'><strong>ipsa,</strong></span> <span class='ocrx_word' id='word_1_46' title='bbox 1675 493 1810 544; x_wconf 87' lang='lat' dir='ltr'><strong>quae</strong></span> 
     </span>
     <span class='ocr_line' id='line_1_6' title="bbox 64 548 1810 625; baseline -0.005 -15"><span class='ocrx_word' id='word_1_47' title='bbox 64 579 84 611; x_wconf 68' lang='grc' dir='ltr'><strong><em>ε</em></strong></span> <span class='ocrx_word' id='word_1_48' title='bbox 109 556 450 625; x_wconf 75' lang='lat' dir='ltr'><strong>adpetuntur,</strong></span> <span class='ocrx_word' id='word_1_49' title='bbox 472 556 717 606; x_wconf 89' lang='lat' dir='ltr'><strong>neutram</strong></span> <span class='ocrx_word' id='word_1_50' title='bbox 741 554 990 604; x_wconf 89' lang='lat' dir='ltr'><strong>naturam</strong></span> <span class='ocrx_word' id='word_1_51' title='bbox 1015 551 1231 615; x_wconf 88' lang='lat' dir='ltr'><strong>habent,</strong></span> <span class='ocrx_word' id='word_1_52' title='bbox 1261 568 1360 604; x_wconf 90' lang='lat' dir='ltr'><strong>nec</strong></span> <span class='ocrx_word' id='word_1_53' title='bbox 1386 549 1513 603; x_wconf 92' lang='lat' dir='ltr'><strong>boni</strong></span> <span class='ocrx_word' id='word_1_54' title='bbox 1536 567 1635 602; x_wconf 89' lang='lat' dir='ltr'><strong>nec</strong></span> <span class='ocrx_word' id='word_1_55' title='bbox 1657 548 1810 602; x_wconf 84' lang='lat' dir='ltr'><strong>mali:</strong></span> 
     </span>
     <span class='ocr_line' id='line_1_7' title="bbox 108 624 1809 698; baseline -0.005 -14"><span class='ocrx_word' id='word_1_56' title='bbox 108 631 288 698; x_wconf 88' lang='lat' dir='ltr'><strong>refert,</strong></span> <span class='ocrx_word' id='word_1_57' title='bbox 319 646 428 698; x_wconf 91' lang='lat' dir='ltr'><strong>quo</strong></span> <span class='ocrx_word' id='word_1_58' title='bbox 460 628 555 681; x_wconf 89' lang='lat' dir='ltr'><strong>illa</strong></span> <span class='ocrx_word' id='word_1_59' title='bbox 586 630 763 681; x_wconf 87' lang='lat' dir='ltr'><strong>rector</strong></span> <span class='ocrx_word' id='word_1_60' title='bbox 794 627 1035 695; x_wconf 76' lang='lat' dir='ltr'><strong>inpellat,</strong></span> <span class='ocrx_word' id='word_1_61' title='bbox 1059 644 1090 677; x_wconf 85' lang='lat' dir='ltr'><strong>a</strong></span> <span class='ocrx_word' id='word_1_62' title='bbox 1114 643 1220 694; x_wconf 92' lang='lat' dir='ltr'><strong>quo</strong></span> <span class='ocrx_word' id='word_1_63' title='bbox 1246 625 1421 678; x_wconf 86' lang='lat' dir='ltr'><strong>forma</strong></span> <span class='ocrx_word' id='word_1_64' title='bbox 1452 624 1612 677; x_wconf 91' lang='lat' dir='ltr'><strong>rebus</strong></span> <span class='ocrx_word' id='word_1_65' title='bbox 1639 624 1809 677; x_wconf 87' lang='lat' dir='ltr'><strong>datur.</strong></span> 
     </span>
     <span class='ocr_line' id='line_1_8' title="bbox 106 698 1811 770; baseline -0.005 -11"><span class='ocrx_word' id='word_1_66' title='bbox 106 705 233 759; x_wconf 86' lang='lat' dir='ltr'><strong>Non</strong></span> <span class='ocrx_word' id='word_1_67' title='bbox 264 708 346 757; x_wconf 91' lang='lat' dir='ltr'><strong>est</strong></span> <span class='ocrx_word' id='word_1_68' title='bbox 383 701 703 755; x_wconf 84' lang='lat' dir='ltr'><strong>beneficium</strong></span> <span class='ocrx_word' id='word_1_69' title='bbox 743 701 948 770; x_wconf 91' lang='lat' dir='ltr'><strong>ipsum,</strong></span> <span class='ocrx_word' id='word_1_70' title='bbox 991 699 1136 770; x_wconf 92' lang='lat' dir='ltr'><strong>quod</strong></span> <span class='ocrx_word' id='word_1_71' title='bbox 1179 702 1491 752; x_wconf 89' lang='lat' dir='ltr'><strong>numeratur</strong></span> <span class='ocrx_word' id='word_1_72' title='bbox 1523 701 1618 751; x_wconf 92' lang='lat' dir='ltr'><strong>aut</strong></span> <span class='ocrx_word' id='word_1_73' title='bbox 1648 698 1811 751; x_wconf 88' lang='lat' dir='ltr'><strong>tradi-</strong></span> 
     </span>
     <span class='ocr_line' id='line_1_9' title="bbox 105 774 1809 848; baseline -0.004 -15"><span class='ocrx_word' id='word_1_74' title='bbox 105 784 209 848; x_wconf 88' lang='lat' dir='ltr'><strong>tur,</strong></span> <span class='ocrx_word' id='word_1_75' title='bbox 240 778 381 832; x_wconf 90' lang='lat' dir='ltr'><strong>sicut</strong></span> <span class='ocrx_word' id='word_1_76' title='bbox 410 795 477 830; x_wconf 91' lang='lat' dir='ltr'><strong>ne</strong></span> <span class='ocrx_word' id='word_1_77' title='bbox 501 777 559 829; x_wconf 89' lang='lat' dir='ltr'><strong>in</strong></span> <span class='ocrx_word' id='word_1_78' title='bbox 582 775 815 830; x_wconf 87' lang='lat' dir='ltr'><strong>victimis</strong></span> <span class='ocrx_word' id='word_1_79' title='bbox 848 775 1081 845; x_wconf 90' lang='lat' dir='ltr'><strong>quidem,</strong></span> <span class='ocrx_word' id='word_1_80' title='bbox 1110 774 1239 827; x_wconf 89' lang='lat' dir='ltr'><strong>licet</strong></span> <span class='ocrx_word' id='word_1_81' title='bbox 1270 775 1482 844; x_wconf 86' lang='lat' dir='ltr'><strong>opimae</strong></span> <span class='ocrx_word' id='word_1_82' title='bbox 1515 775 1625 827; x_wconf 89' lang='lat' dir='ltr'><strong>sint</strong></span> <span class='ocrx_word' id='word_1_83' title='bbox 1656 791 1809 826; x_wconf 89' lang='lat' dir='ltr'><strong>auro-</strong></span> 
     </span>
     <span class='ocr_line' id='line_1_10' title="bbox 105 848 1812 925; baseline -0.004 -18"><span class='ocrx_word' id='word_1_84' title='bbox 105 873 210 925; x_wconf 89' lang='lat' dir='ltr'><strong>que</strong></span> <span class='ocrx_word' id='word_1_85' title='bbox 254 852 648 923; x_wconf 87' lang='lat' dir='ltr'><strong>praefulgeant,</strong></span> <span class='ocrx_word' id='word_1_86' title='bbox 690 851 912 904; x_wconf 89' lang='lat' dir='ltr'><strong>deorum</strong></span> <span class='ocrx_word' id='word_1_87' title='bbox 952 852 1034 902; x_wconf 89' lang='lat' dir='ltr'><strong>est</strong></span> <span class='ocrx_word' id='word_1_88' title='bbox 1076 849 1265 918; x_wconf 90' lang='lat' dir='ltr'><strong>honor,</strong></span> <span class='ocrx_word' id='word_1_89' title='bbox 1310 849 1404 902; x_wconf 91' lang='lat' dir='ltr'><strong>sed</strong></span> <span class='ocrx_word' id='word_1_90' title='bbox 1444 852 1591 902; x_wconf 88' lang='lat' dir='ltr'><strong>recta</strong></span> <span class='ocrx_word' id='word_1_91' title='bbox 1628 866 1690 901; x_wconf 90' lang='lat' dir='ltr'><strong>ac</strong></span> <span class='ocrx_word' id='word_1_92' title='bbox 1719 848 1812 918; x_wconf 89' lang='lat' dir='ltr'><strong>pia</strong></span> 
     </span>
     <span class='ocr_line' id='line_1_11' title="bbox 39 922 1812 994; baseline -0.005 -11"><span class='ocrx_word' id='word_1_93' title='bbox 39 953 84 987; x_wconf 77' lang='grc' dir='ltr'><strong>ιο</strong></span> <span class='ocrx_word' id='word_1_94' title='bbox 109 930 386 982; x_wconf 82' lang='lat' dir='ltr'><strong>voluntate</strong></span> <span class='ocrx_word' id='word_1_95' title='bbox 410 925 793 979; x_wconf 83' lang='lat' dir='ltr'><strong>venerantium.</strong></span> <span class='ocrx_word' id='word_1_96' title='bbox 840 923 1030 994; x_wconf 89' lang='lat' dir='ltr'><strong>Itaque</strong></span> <span class='ocrx_word' id='word_1_97' title='bbox 1053 923 1186 977; x_wconf 91' lang='lat' dir='ltr'><strong>boni</strong></span> <span class='ocrx_word' id='word_1_98' title='bbox 1211 923 1373 977; x_wconf 90' lang='lat' dir='ltr'><strong>etiam</strong></span> <span class='ocrx_word' id='word_1_99' title='bbox 1398 924 1540 976; x_wconf 87' lang='lat' dir='ltr'><strong>farre</strong></span> <span class='ocrx_word' id='word_1_100' title='bbox 1565 941 1628 977; x_wconf 87' lang='lat' dir='ltr'><strong>ac</strong></span> <span class='ocrx_word' id='word_1_101' title='bbox 1651 922 1812 976; x_wconf 90' lang='lat' dir='ltr'><strong>fitilla</strong></span> 
     </span>
     <span class='ocr_line' id='line_1_12' title="bbox 107 998 1812 1075; baseline -0.004 -18"><span class='ocrx_word' id='word_1_102' title='bbox 107 1002 348 1075; x_wconf 85' lang='lat' dir='ltr'><strong>religiosi</strong></span> <span class='ocrx_word' id='word_1_103' title='bbox 394 1005 543 1070; x_wconf 86' lang='lat' dir='ltr'><strong>sunt3</strong></span> <span class='ocrx_word' id='word_1_104' title='bbox 602 1001 731 1053; x_wconf 90' lang='lat' dir='ltr'><strong>mali</strong></span> <span class='ocrx_word' id='word_1_105' title='bbox 777 1019 961 1053; x_wconf 89' lang='lat' dir='ltr'><strong>rursus</strong></span> <span class='ocrx_word' id='word_1_106' title='bbox 1009 1017 1118 1052; x_wconf 90' lang='lat' dir='ltr'><strong>non</strong></span> <span class='ocrx_word' id='word_1_107' title='bbox 1164 999 1432 1069; x_wconf 88' lang='lat' dir='ltr'><strong>effugiunt</strong></span> <span class='ocrx_word' id='word_1_108' title='bbox 1478 998 1812 1068; x_wconf 90' lang='lat' dir='ltr'><strong>inpietatem,</strong></span> 
     </span>
     <span class='ocr_line' id='line_1_13' title="bbox 107 1073 1451 1149; baseline -0.004 -17"><span class='ocrx_word' id='word_1_109' title='bbox 107 1077 355 1149; x_wconf 83' lang='lat' dir='ltr'><strong>quamvis</strong></span> <span class='ocrx_word' id='word_1_110' title='bbox 386 1095 507 1130; x_wconf 90' lang='lat' dir='ltr'><strong>aras</strong></span> <span class='ocrx_word' id='word_1_111' title='bbox 539 1074 802 1146; x_wconf 87' lang='lat' dir='ltr'><strong>sanguine</strong></span> <span class='ocrx_word' id='word_1_112' title='bbox 834 1073 1007 1127; x_wconf 87' lang='lat' dir='ltr'><strong>multo</strong></span> <span class='ocrx_word' id='word_1_113' title='bbox 1041 1074 1451 1127; x_wconf 84' lang='lat' dir='ltr'><strong>cruentaverint.</strong></span> 
     </span>
     <span class='ocr_line' id='line_1_14' title="bbox 183 1147 1809 1218; baseline -0.005 -10"><span class='ocrx_word' id='word_1_114' title='bbox 183 1152 243 1208; x_wconf 89' lang='lat' dir='ltr'><strong>Si</strong></span> <span class='ocrx_word' id='word_1_115' title='bbox 274 1151 534 1206; x_wconf 88' lang='lat' dir='ltr'><strong>beneficia</strong></span> <span class='ocrx_word' id='word_1_116' title='bbox 557 1152 617 1204; x_wconf 90' lang='lat' dir='ltr'><strong>in</strong></span> <span class='ocrx_word' id='word_1_117' title='bbox 639 1149 815 1218; x_wconf 78' lang='lat' dir='ltr'><strong>rebuS,</strong></span> <span class='ocrx_word' id='word_1_118' title='bbox 839 1168 947 1203; x_wconf 93' lang='lat' dir='ltr'><strong>non</strong></span> <span class='ocrx_word' id='word_1_119' title='bbox 973 1151 1030 1202; x_wconf 93' lang='lat' dir='ltr'><strong>in</strong></span> <span class='ocrx_word' id='word_1_120' title='bbox 1053 1151 1171 1218; x_wconf 89' lang='lat' dir='ltr'><strong>ipsa</strong></span> <span class='ocrx_word' id='word_1_121' title='bbox 1194 1148 1330 1203; x_wconf 89' lang='lat' dir='ltr'><strong>bene</strong></span> <span class='ocrx_word' id='word_1_122' title='bbox 1361 1147 1593 1201; x_wconf 85' lang='lat' dir='ltr'><strong>faciendi</strong></span> <span class='ocrx_word' id='word_1_123' title='bbox 1625 1148 1809 1201; x_wconf 87' lang='lat' dir='ltr'><strong>volun-</strong></span> 
     </span>
     <span class='ocr_line' id='line_1_15' title="bbox 109 1223 1813 1293; baseline -0.004 -11"><span class='ocrx_word' id='word_1_124' title='bbox 109 1232 219 1282; x_wconf 89' lang='lat' dir='ltr'><strong>tate</strong></span> <span class='ocrx_word' id='word_1_125' title='bbox 261 1227 640 1293; x_wconf 81' lang='lat' dir='ltr'><strong>consisterent,</strong></span> <span class='ocrx_word' id='word_1_126' title='bbox 684 1243 745 1277; x_wconf 93' lang='lat' dir='ltr'><strong>eo</strong></span> <span class='ocrx_word' id='word_1_127' title='bbox 778 1224 983 1278; x_wconf 89' lang='lat' dir='ltr'><strong>maiora</strong></span> <span class='ocrx_word' id='word_1_128' title='bbox 1024 1226 1227 1293; x_wconf 86' lang='lat' dir='ltr'><strong>essent,</strong></span> <span class='ocrx_word' id='word_1_129' title='bbox 1271 1242 1379 1293; x_wconf 92' lang='lat' dir='ltr'><strong>quo</strong></span> <span class='ocrx_word' id='word_1_130' title='bbox 1424 1223 1629 1276; x_wconf 88' lang='lat' dir='ltr'><strong>maiora</strong></span> <span class='ocrx_word' id='word_1_131' title='bbox 1671 1226 1813 1291; x_wconf 90' lang='lat' dir='ltr'><strong>sunt,</strong></span> 
     </span>
     <span class='ocr_line' id='line_1_16' title="bbox 46 1298 1811 1373; baseline -0.005 -15"><span class='ocrx_word' id='word_1_132' title='bbox 46 1327 86 1359; x_wconf 66' lang='grc' dir='ltr'><strong>ιι</strong></span> <span class='ocrx_word' id='word_1_133' title='bbox 111 1321 247 1373; x_wconf 80' lang='lat' dir='ltr'><strong>quae</strong></span> <span class='ocrx_word' id='word_1_134' title='bbox 278 1301 587 1371; x_wconf 78' lang='lat' dir='ltr'><strong>accipimus.</strong></span> <span class='ocrx_word' id='word_1_135' title='bbox 634 1299 693 1353; x_wconf 93' lang='lat' dir='ltr'><strong>Id</strong></span> <span class='ocrx_word' id='word_1_136' title='bbox 729 1303 823 1353; x_wconf 90' lang='lat' dir='ltr'><strong>aut</strong></span> <span class='ocrx_word' id='word_1_137' title='bbox 853 1298 1050 1352; x_wconf 86' lang='lat' dir='ltr'><strong>falsum</strong></span> <span class='ocrx_word' id='word_1_138' title='bbox 1083 1302 1187 1368; x_wconf 83' lang='lat' dir='ltr'><strong>est3</strong></span> <span class='ocrx_word' id='word_1_139' title='bbox 1218 1317 1330 1351; x_wconf 93' lang='lat' dir='ltr'><strong>non</strong></span> <span class='ocrx_word' id='word_1_140' title='bbox 1360 1316 1637 1368; x_wconf 88' lang='lat' dir='ltr'><strong>nunquam</strong></span> <span class='ocrx_word' id='word_1_141' title='bbox 1669 1299 1811 1351; x_wconf 90' lang='lat' dir='ltr'><strong>enim</strong></span> 
     </span>
     <span class='ocr_line' id='line_1_17' title="bbox 111 1372 1813 1448; baseline -0.004 -17"><span class='ocrx_word' id='word_1_142' title='bbox 111 1377 285 1448; x_wconf 89' lang='lat' dir='ltr'><strong>magis</strong></span> <span class='ocrx_word' id='word_1_143' title='bbox 318 1395 416 1430; x_wconf 89' lang='lat' dir='ltr'><strong>nos</strong></span> <span class='ocrx_word' id='word_1_144' title='bbox 449 1375 686 1446; x_wconf 88' lang='lat' dir='ltr'><strong>obligat,</strong></span> <span class='ocrx_word' id='word_1_145' title='bbox 715 1375 808 1444; x_wconf 93' lang='lat' dir='ltr'><strong>qui</strong></span> <span class='ocrx_word' id='word_1_146' title='bbox 849 1374 997 1427; x_wconf 89' lang='lat' dir='ltr'><strong>dedit</strong></span> <span class='ocrx_word' id='word_1_147' title='bbox 1035 1392 1201 1443; x_wconf 87' lang='lat' dir='ltr'><strong>parva</strong></span> <span class='ocrx_word' id='word_1_148' title='bbox 1240 1373 1549 1444; x_wconf 88' lang='lat' dir='ltr'><strong>magnifice,</strong></span> <span class='ocrx_word' id='word_1_149' title='bbox 1588 1372 1682 1442; x_wconf 90' lang='lat' dir='ltr'><strong>qui</strong></span> <span class='ocrx_word' id='word_1_150' title='bbox 1716 1373 1813 1426; x_wconf 85' lang='lat' dir='ltr'><strong>‘re-</strong></span> 
     </span>
     <span class='ocr_line' id='line_1_18' title="bbox 109 1446 1812 1524; baseline -0.004 -18"><span class='ocrx_word' id='word_1_151' title='bbox 109 1472 240 1524; x_wconf 89' lang='lat' dir='ltr'><strong>gum</strong></span> <span class='ocrx_word' id='word_1_152' title='bbox 273 1451 525 1522; x_wconf 82' lang='lat' dir='ltr'><strong>aequavit</strong></span> <span class='ocrx_word' id='word_1_153' title='bbox 557 1468 686 1520; x_wconf 88' lang='lat' dir='ltr'><strong>opes</strong></span> <span class='ocrx_word' id='word_1_154' title='bbox 719 1449 940 1519; x_wconf 78' lang='lat' dir='ltr'><strong>animo’,</strong></span> <span class='ocrx_word' id='word_1_155' title='bbox 974 1449 1068 1518; x_wconf 88' lang='lat' dir='ltr'><strong>qui</strong></span> <span class='ocrx_word' id='word_1_156' title='bbox 1100 1448 1355 1520; x_wconf 87' lang='lat' dir='ltr'><strong>exiguum</strong></span> <span class='ocrx_word' id='word_1_157' title='bbox 1389 1447 1584 1501; x_wconf 89' lang='lat' dir='ltr'><strong>tribuit</strong></span> <span class='ocrx_word' id='word_1_158' title='bbox 1614 1446 1707 1500; x_wconf 89' lang='lat' dir='ltr'><strong>sed</strong></span> <span class='ocrx_word' id='word_1_159' title='bbox 1747 1447 1812 1500; x_wconf 92' lang='lat' dir='ltr'><strong>li-</strong></span> 
     </span>
     <span class='ocr_line' id='line_1_19' title="bbox 111 1522 1811 1596; baseline -0.004 -15"><span class='ocrx_word' id='word_1_160' title='bbox 111 1528 322 1596; x_wconf 88' lang='lat' dir='ltr'><strong>benter,</strong></span> <span class='ocrx_word' id='word_1_161' title='bbox 368 1527 461 1596; x_wconf 90' lang='lat' dir='ltr'><strong>qui</strong></span> <span class='ocrx_word' id='word_1_162' title='bbox 508 1524 841 1595; x_wconf 82' lang='lat' dir='ltr'><strong>paupertatis</strong></span> <span class='ocrx_word' id='word_1_163' title='bbox 887 1541 1014 1577; x_wconf 86' lang='lat' dir='ltr'><strong>suae</strong></span> <span class='ocrx_word' id='word_1_164' title='bbox 1062 1522 1265 1577; x_wconf 89' lang='lat' dir='ltr'><strong>oblitus</strong></span> <span class='ocrx_word' id='word_1_165' title='bbox 1312 1526 1417 1592; x_wconf 90' lang='lat' dir='ltr'><strong>est,</strong></span> <span class='ocrx_word' id='word_1_166' title='bbox 1463 1523 1591 1575; x_wconf 92' lang='lat' dir='ltr'><strong>dum</strong></span> <span class='ocrx_word' id='word_1_167' title='bbox 1639 1541 1811 1576; x_wconf 89' lang='lat' dir='ltr'><strong>meam</strong></span> 
     </span>
     <span class='ocr_line' id='line_1_20' title="bbox 112 1597 1812 1673; baseline -0.003 -18"><span class='ocrx_word' id='word_1_168' title='bbox 112 1602 348 1673; x_wconf 87' lang='lat' dir='ltr'><strong>respicit,</strong></span> <span class='ocrx_word' id='word_1_169' title='bbox 378 1601 473 1671; x_wconf 90' lang='lat' dir='ltr'><strong>qui</strong></span> <span class='ocrx_word' id='word_1_170' title='bbox 504 1618 613 1653; x_wconf 91' lang='lat' dir='ltr'><strong>non</strong></span> <span class='ocrx_word' id='word_1_171' title='bbox 645 1599 980 1653; x_wconf 85' lang='lat' dir='ltr'><strong>voluntatem</strong></span> <span class='ocrx_word' id='word_1_172' title='bbox 1012 1601 1224 1652; x_wconf 88' lang='lat' dir='ltr'><strong>tantum</strong></span> <span class='ocrx_word' id='word_1_173' title='bbox 1256 1598 1477 1651; x_wconf 88' lang='lat' dir='ltr'><strong>iuvandi</strong></span> <span class='ocrx_word' id='word_1_174' title='bbox 1505 1597 1696 1650; x_wconf 90' lang='lat' dir='ltr'><strong>habuit</strong></span> <span class='ocrx_word' id='word_1_175' title='bbox 1722 1597 1812 1650; x_wconf 87' lang='lat' dir='ltr'><strong>sed</strong></span> 
     </span>
     <span class='ocr_line' id='line_1_21' title="bbox 42 1671 1812 1747; baseline -0.005 -14"><span class='ocrx_word' id='word_1_176' title='bbox 42 1702 87 1735; x_wconf 71' lang='lat' dir='ltr'><strong>zo</strong></span> <span class='ocrx_word' id='word_1_177' title='bbox 112 1676 486 1747; x_wconf 89' lang='lat' dir='ltr'><strong>cupiditatem,</strong></span> <span class='ocrx_word' id='word_1_178' title='bbox 533 1676 627 1743; x_wconf 89' lang='lat' dir='ltr'><strong>qui</strong></span> <span class='ocrx_word' id='word_1_179' title='bbox 666 1675 907 1743; x_wconf 91' lang='lat' dir='ltr'><strong>accipere</strong></span> <span class='ocrx_word' id='word_1_180' title='bbox 947 1691 1004 1726; x_wconf 87' lang='lat' dir='ltr'><strong>se</strong></span> <span class='ocrx_word' id='word_1_181' title='bbox 1042 1673 1255 1743; x_wconf 87' lang='lat' dir='ltr'><strong>putavit</strong></span> <span class='ocrx_word' id='word_1_182' title='bbox 1301 1671 1644 1741; x_wconf 88' lang='lat' dir='ltr'><strong>beneficium,</strong></span> <span class='ocrx_word' id='word_1_183' title='bbox 1691 1691 1812 1725; x_wconf 89' lang='lat' dir='ltr'><strong>cum</strong></span> 
     </span>
     <span class='ocr_line' id='line_1_22' title="bbox 111 1747 1814 1821; baseline -0.004 -15"><span class='ocrx_word' id='word_1_184' title='bbox 111 1753 277 1816; x_wconf 87' lang='lat' dir='ltr'><strong>daret,</strong></span> <span class='ocrx_word' id='word_1_185' title='bbox 309 1750 403 1821; x_wconf 82' lang='lat' dir='ltr'><strong>qui</strong></span> <span class='ocrx_word' id='word_1_186' title='bbox 435 1750 584 1804; x_wconf 87' lang='lat' dir='ltr'><strong>dedit</strong></span> <span class='ocrx_word' id='word_1_187' title='bbox 614 1753 890 1820; x_wconf 88' lang='lat' dir='ltr'><strong>tamquam</strong></span> <span class='ocrx_word' id='word_1_188' title='bbox 922 1766 1027 1802; x_wconf 78' lang='lat' dir='ltr'><strong>non</strong></span> <span class='ocrx_word' id='word_1_189' title='bbox 1058 1751 1370 1817; x_wconf 87' lang='lat' dir='ltr'><strong>recepturus</strong></span> <span class='ocrx_word' id='word_1_190' title='bbox 1381 1789 1395 1815; x_wconf 90' lang='lat'><strong>,</strong></span> <span class='ocrx_word' id='word_1_191' title='bbox 1426 1747 1651 1816; x_wconf 88' lang='lat' dir='ltr'><strong>recepit,</strong></span> <span class='ocrx_word' id='word_1_192' title='bbox 1683 1750 1814 1800; x_wconf 89' lang='lat' dir='ltr'><strong>tam-</strong></span> 
     </span>
     <span class='ocr_line' id='line_1_23' title="bbox 110 1822 1814 1898; baseline -0.004 -17"><span class='ocrx_word' id='word_1_193' title='bbox 110 1846 270 1898; x_wconf 88' lang='lat' dir='ltr'><strong>quam</strong></span> <span class='ocrx_word' id='word_1_194' title='bbox 302 1844 411 1880; x_wconf 90' lang='lat' dir='ltr'><strong>non</strong></span> <span class='ocrx_word' id='word_1_195' title='bbox 446 1825 700 1893; x_wconf 88' lang='lat' dir='ltr'><strong>dedisset,</strong></span> <span class='ocrx_word' id='word_1_196' title='bbox 740 1823 833 1894; x_wconf 93' lang='lat' dir='ltr'><strong>qui</strong></span> <span class='ocrx_word' id='word_1_197' title='bbox 874 1823 1235 1891; x_wconf 88' lang='lat' dir='ltr'><strong>occasionem,</strong></span> <span class='ocrx_word' id='word_1_198' title='bbox 1275 1841 1382 1892; x_wconf 88' lang='lat' dir='ltr'><strong>qua</strong></span> <span class='ocrx_word' id='word_1_199' title='bbox 1420 1822 1720 1893; x_wconf 87' lang='lat' dir='ltr'><strong>prodesset,</strong></span> <span class='ocrx_word' id='word_1_200' title='bbox 1761 1825 1814 1875; x_wconf 91' lang='lat' dir='ltr'><strong>et</strong></span> 
     </span>
     <span class='ocr_line' id='line_1_24' title="bbox 110 1897 1815 1972; baseline -0.005 -15"><span class='ocrx_word' id='word_1_201' title='bbox 110 1902 393 1972; x_wconf 85' lang='lat' dir='ltr'><strong>occupavit</strong></span> <span class='ocrx_word' id='word_1_202' title='bbox 423 1904 478 1954; x_wconf 89' lang='lat' dir='ltr'><strong>et</strong></span> <span class='ocrx_word' id='word_1_203' title='bbox 510 1899 754 1970; x_wconf 87' lang='lat' dir='ltr'><strong>quaesiit.</strong></span> <span class='ocrx_word' id='word_1_204' title='bbox 805 1897 1006 1952; x_wconf 89' lang='lat' dir='ltr'><strong>Contra</strong></span> <span class='ocrx_word' id='word_1_205' title='bbox 1038 1898 1253 1968; x_wconf 86' lang='lat' dir='ltr'><strong>ingrata</strong></span> <span class='ocrx_word' id='word_1_206' title='bbox 1276 1901 1419 1965; x_wconf 87' lang='lat' dir='ltr'><strong>sunt,</strong></span> <span class='ocrx_word' id='word_1_207' title='bbox 1444 1900 1504 1950; x_wconf 91' lang='lat' dir='ltr'><strong>ut</strong></span> <span class='ocrx_word' id='word_1_208' title='bbox 1529 1897 1655 1966; x_wconf 85' lang='lat' dir='ltr'><strong>dixi,</strong></span> <span class='ocrx_word' id='word_1_209' title='bbox 1687 1897 1815 1950; x_wconf 91' lang='lat' dir='ltr'><strong>licet</strong></span> 
     </span>
     <span class='ocr_line' id='line_1_25' title="bbox 113 1972 1815 2046; baseline -0.004 -16"><span class='ocrx_word' id='word_1_210' title='bbox 113 1995 170 2030; x_wconf 87' lang='lat' dir='ltr'><strong>re</strong></span> <span class='ocrx_word' id='word_1_211' title='bbox 193 1994 257 2030; x_wconf 88' lang='lat' dir='ltr'><strong>ac</strong></span> <span class='ocrx_word' id='word_1_212' title='bbox 281 1975 457 2046; x_wconf 88' lang='lat' dir='ltr'><strong>specie</strong></span> <span class='ocrx_word' id='word_1_213' title='bbox 490 1992 685 2046; x_wconf 90' lang='lat' dir='ltr'><strong>magna</strong></span> <span class='ocrx_word' id='word_1_214' title='bbox 709 1973 1007 2042; x_wconf 79' lang='lat' dir='ltr'><strong>videantur,</strong></span> <span class='ocrx_word' id='word_1_215' title='bbox 1033 1991 1170 2042; x_wconf 88' lang='lat' dir='ltr'><strong>quae</strong></span> <span class='ocrx_word' id='word_1_216' title='bbox 1195 1972 1345 2025; x_wconf 86' lang='lat' dir='ltr'><strong>danti</strong></span> <span class='ocrx_word' id='word_1_217' title='bbox 1370 1975 1462 2025; x_wconf 90' lang='lat' dir='ltr'><strong>aut</strong></span> <span class='ocrx_word' id='word_1_218' title='bbox 1496 1975 1815 2041; x_wconf 84' lang='lat' dir='ltr'><strong>extorquen-</strong></span> 
     </span>
     <span class='ocr_line' id='line_1_26' title="bbox 44 2047 1811 2119; baseline -0.005 -11"><span class='ocrx_word' id='word_1_219' title='bbox 44 2074 87 2109; x_wconf 62' lang='grc' dir='ltr'><strong>ιε</strong></span> <span class='ocrx_word' id='word_1_220' title='bbox 113 2056 203 2106; x_wconf 85' lang='lat' dir='ltr'><strong>tur</strong></span> <span class='ocrx_word' id='word_1_221' title='bbox 234 2055 329 2104; x_wconf 86' lang='lat' dir='ltr'><strong>aut</strong></span> <span class='ocrx_word' id='word_1_222' title='bbox 359 2049 636 2118; x_wconf 84' lang='lat' dir='ltr'><strong>excidunt,</strong></span> <span class='ocrx_word' id='word_1_223' title='bbox 684 2050 965 2118; x_wconf 88' lang='lat' dir='ltr'><strong>multoque</strong></span> <span class='ocrx_word' id='word_1_224' title='bbox 1013 2048 1221 2119; x_wconf 89' lang='lat' dir='ltr'><strong>gratius</strong></span> <span class='ocrx_word' id='word_1_225' title='bbox 1269 2047 1433 2115; x_wconf 89' lang='lat' dir='ltr'><strong>venit,</strong></span> <span class='ocrx_word' id='word_1_226' title='bbox 1478 2047 1622 2116; x_wconf 92' lang='lat' dir='ltr'><strong>quod</strong></span> <span class='ocrx_word' id='word_1_227' title='bbox 1666 2047 1811 2100; x_wconf 90' lang='lat' dir='ltr'><strong>facili</strong></span> 
     </span>
     <span class='ocr_line' id='line_1_27' title="bbox 113 2121 1815 2197; baseline -0.002 -18"><span class='ocrx_word' id='word_1_228' title='bbox 113 2145 275 2197; x_wconf 88' lang='lat' dir='ltr'><strong>quam</strong></span> <span class='ocrx_word' id='word_1_229' title='bbox 308 2125 451 2196; x_wconf 89' lang='lat' dir='ltr'><strong>quod</strong></span> <span class='ocrx_word' id='word_1_230' title='bbox 490 2124 652 2195; x_wconf 86' lang='lat' dir='ltr'><strong>plena</strong></span> <span class='ocrx_word' id='word_1_231' title='bbox 691 2142 854 2178; x_wconf 90' lang='lat' dir='ltr'><strong>manu</strong></span> <span class='ocrx_word' id='word_1_232' title='bbox 895 2123 1066 2176; x_wconf 87' lang='lat' dir='ltr'><strong>datur.</strong></span> <span class='ocrx_word' id='word_1_233' title='bbox 1114 2122 1389 2194; x_wconf 87' lang='lat' dir='ltr'><strong>Exiguum</strong></span> <span class='ocrx_word' id='word_1_234' title='bbox 1432 2125 1537 2192; x_wconf 88' lang='lat' dir='ltr'><strong>est,</strong></span> <span class='ocrx_word' id='word_1_235' title='bbox 1576 2121 1715 2191; x_wconf 92' lang='lat' dir='ltr'><strong>quod</strong></span> <span class='ocrx_word' id='word_1_236' title='bbox 1759 2122 1815 2175; x_wconf 91' lang='lat' dir='ltr'><strong>in</strong></span> 
     </span>
    </p>
   </div>
   <div class='ocr_carea' id='block_1_3' title="bbox 187 2258 703 2317">
    <p class='ocr_par' dir='ltr' id='par_1_3' title="bbox 187 2258 703 2317">
     <span class='ocr_line' id='line_1_28' title="bbox 187 2258 703 2317; baseline -0.002 -15"><span class='ocrx_word' id='word_1_237' title='bbox 187 2267 235 2302; x_wconf 78' lang='grc' dir='ltr'><strong>ιο</strong></span> <span class='ocrx_word' id='word_1_238' title='bbox 269 2258 396 2317; x_wconf 66' lang='lat' dir='ltr'><strong>Ver-9.</strong></span> <span class='ocrx_word' id='word_1_239' title='bbox 428 2272 471 2317; x_wconf 75' lang='lat'><strong>9.</strong></span> <span class='ocrx_word' id='word_1_240' title='bbox 503 2258 583 2303; x_wconf 92' lang='lat' dir='ltr'><strong>IV</strong></span> <span class='ocrx_word' id='word_1_241' title='bbox 612 2260 703 2302; x_wconf 82' lang='lat'><strong>132</strong></span> 
     </span>
    </p>
   </div>
   <div class='ocr_carea' id='block_1_4' title="bbox 110 2359 1818 3018">
    <p class='ocr_par' dir='ltr' id='par_1_4' title="bbox 110 2359 1817 2708">
     <span class='ocr_line' id='line_1_29' title="bbox 187 2359 1815 2420; baseline -0.002 -13"><span class='ocrx_word' id='word_1_242' title='bbox 187 2372 213 2407; x_wconf 74' lang='lat'><strong>8</strong></span> <span class='ocrx_word' id='word_1_243' title='bbox 255 2362 415 2408; x_wconf 80' lang='lat' dir='ltr'><strong>extolli</strong></span> <span class='ocrx_word' id='word_1_244' title='bbox 460 2363 520 2406; x_wconf 69' lang='lat'><strong>3¹</strong></span> <span class='ocrx_word' id='word_1_245' title='bbox 627 2375 777 2420; x_wconf 83' lang='lat' dir='ltr'><strong>parua</strong></span> <span class='ocrx_word' id='word_1_246' title='bbox 820 2365 865 2420; x_wconf 85' lang='lat' dir='ltr'><strong>(a</strong></span> <span class='ocrx_word' id='word_1_247' title='bbox 907 2364 986 2408; x_wconf 80' lang='lat' dir='ltr'><strong>alt.</strong></span> <span class='ocrx_word' id='word_1_248' title='bbox 1019 2377 1077 2408; x_wconf 71' lang='lat' dir='ltr'><strong>ex</strong></span> <span class='ocrx_word' id='word_1_249' title='bbox 1105 2365 1177 2419; x_wconf 86' lang='lat' dir='ltr'><strong>us)</strong></span> <span class='ocrx_word' id='word_1_250' title='bbox 1220 2364 1269 2406; x_wconf 90' lang='lat' dir='ltr'><strong>et</strong></span> <span class='ocrx_word' id='word_1_251' title='bbox 1312 2360 1505 2406; x_wconf 83' lang='lat' dir='ltr'><strong>sordida</strong></span> <span class='ocrx_word' id='word_1_252' title='bbox 1537 2366 1563 2403; x_wconf 80' lang='lat'>8</span> <span class='ocrx_word' id='word_1_253' title='bbox 1700 2368 1722 2403; x_wconf 77' lang='grc'><strong>4</strong></span> <span class='ocrx_word' id='word_1_254' title='bbox 1766 2359 1815 2403; x_wconf 90' lang='lat' dir='ltr'><strong>in</strong></span> 
     </span>
     <span class='ocr_line' id='line_1_30' title="bbox 110 2420 1816 2482; baseline -0.004 -12"><span class='ocrx_word' id='word_1_255' title='bbox 110 2438 197 2470; x_wconf 70' lang='lat' dir='ltr'><strong>on.</strong></span> <span class='ocrx_word' id='word_1_256' title='bbox 222 2428 250 2467; x_wconf 73' lang='lat'>8</span> <span class='ocrx_word' id='word_1_257' title='bbox 351 2431 376 2466; x_wconf 72' lang='lat'>6</span> <span class='ocrx_word' id='word_1_258' title='bbox 408 2425 623 2468; x_wconf 84' lang='lat' dir='ltr'><strong>neutrum</strong></span> <span class='ocrx_word' id='word_1_259' title='bbox 649 2422 711 2466; x_wconf 70' lang='lat'><strong>1¹</strong></span> <span class='ocrx_word' id='word_1_260' title='bbox 813 2431 838 2466; x_wconf 77' lang='grc' dir='ltr'><strong>ο</strong></span> <span class='ocrx_word' id='word_1_261' title='bbox 869 2422 1033 2482; x_wconf 79' lang='lat' dir='ltr'><strong>refert]</strong></span> <span class='ocrx_word' id='word_1_262' title='bbox 1066 2421 1264 2467; x_wconf 89' lang='lat' dir='ltr'><strong>interest</strong></span> <span class='ocrx_word' id='word_1_263' title='bbox 1287 2436 1344 2466; x_wconf 82' lang='lat' dir='ltr'><strong>ss.</strong></span> <span class='ocrx_word' id='word_1_264' title='bbox 1369 2421 1432 2464; x_wconf 60' lang='lat' dir='ltr'><strong>lv</strong></span> <span class='ocrx_word' id='word_1_265' title='bbox 1522 2420 1604 2465; x_wconf 88' lang='lat' dir='ltr'><strong>ille</strong></span> <span class='ocrx_word' id='word_1_266' title='bbox 1633 2420 1816 2464; x_wconf 82' lang='lat' dir='ltr'><strong>Gronov</strong></span> 
     </span>
     <span class='ocr_line' id='line_1_31' title="bbox 111 2481 1816 2542; baseline -0.003 -14"><span class='ocrx_word' id='word_1_267' title='bbox 111 2482 193 2528; x_wconf 87' lang='lat' dir='ltr'><strong>ille</strong></span> <span class='ocrx_word' id='word_1_268' title='bbox 224 2496 281 2527; x_wconf 83' lang='lat' dir='ltr'><strong>ea</strong></span> <span class='ocrx_word' id='word_1_269' title='bbox 308 2483 428 2542; x_wconf 69' lang='lat' dir='ltr'><strong>Wsy.</strong></span> <span class='ocrx_word' id='word_1_270' title='bbox 530 2491 549 2525; x_wconf 76' lang='grc'><strong>7</strong></span> <span class='ocrx_word' id='word_1_271' title='bbox 576 2496 670 2538; x_wconf 86' lang='lat' dir='ltr'><strong>quo</strong></span> <span class='ocrx_word' id='word_1_272' title='bbox 694 2482 843 2526; x_wconf 67' lang='lat'>1¹3¹?</span> <span class='ocrx_word' id='word_1_273' title='bbox 866 2482 993 2539; x_wconf 91' lang='lat' dir='ltr'><strong>quod</strong></span> <span class='ocrx_word' id='word_1_274' title='bbox 1017 2488 1057 2527; x_wconf 81' lang='lat' dir='ltr'><strong>et</strong></span> <span class='ocrx_word' id='word_1_275' title='bbox 1081 2483 1353 2526; x_wconf 85' lang='lat' dir='ltr'><strong>muneratur</strong></span> <span class='ocrx_word' id='word_1_276' title='bbox 1377 2481 1471 2537; x_wconf 79' lang='lat' dir='ltr'><strong>(sed</strong></span> <span class='ocrx_word' id='word_1_277' title='bbox 1502 2494 1627 2524; x_wconf 89' lang='lat' dir='ltr'><strong>mun.</strong></span> <span class='ocrx_word' id='word_1_278' title='bbox 1652 2482 1816 2524; x_wconf 75' lang='lat' dir='ltr'><strong>iterum</strong></span> 
     </span>
     <span class='ocr_line' id='line_1_32' title="bbox 112 2540 1742 2601; baseline -0.003 -13"><span class='ocrx_word' id='word_1_279' title='bbox 112 2542 215 2599; x_wconf 73' lang='lat' dir='ltr'><strong>del)</strong></span> <span class='ocrx_word' id='word_1_280' title='bbox 246 2542 309 2586; x_wconf 74' lang='lat'><strong>1⁸</strong></span> <span class='ocrx_word' id='word_1_281' title='bbox 440 2550 465 2587; x_wconf 74' lang='grc'><strong>8</strong></span> <span class='ocrx_word' id='word_1_282' title='bbox 497 2556 582 2587; x_wconf 88' lang='lat' dir='ltr'><strong>nec</strong></span> <span class='ocrx_word' id='word_1_283' title='bbox 614 2542 723 2587; x_wconf 72' lang='lat'><strong>1¹1·</strong></span> <span class='ocrx_word' id='word_1_284' title='bbox 825 2541 1004 2600; x_wconf 90' lang='lat' dir='ltr'><strong>optime</strong></span> <span class='ocrx_word' id='word_1_285' title='bbox 1035 2546 1080 2585; x_wconf 68' lang='grc' dir='ltr'><strong>Π</strong></span> <span class='ocrx_word' id='word_1_286' title='bbox 1212 2550 1237 2585; x_wconf 74' lang='lat' dir='ltr'><strong>s</strong></span> <span class='ocrx_word' id='word_1_287' title='bbox 1269 2540 1383 2601; x_wconf 88' lang='lat' dir='ltr'><strong>&lt;in&gt;</strong></span> <span class='ocrx_word' id='word_1_288' title='bbox 1421 2542 1550 2585; x_wconf 85' lang='lat' dir='ltr'><strong>recta</strong></span> <span class='ocrx_word' id='word_1_289' title='bbox 1581 2540 1742 2584; x_wconf 81' lang='lat' dir='ltr'><strong>Haase</strong></span> 
     </span>
     <span class='ocr_line' id='line_1_33' title="bbox 111 2599 1815 2661; baseline -0.003 -14"><span class='ocrx_word' id='word_1_290' title='bbox 111 2602 194 2661; x_wconf 77' lang='lat' dir='ltr'><strong>pia</strong></span> <span class='ocrx_word' id='word_1_291' title='bbox 224 2616 279 2647; x_wconf 75' lang='lat' dir='ltr'><strong>ae</strong></span> <span class='ocrx_word' id='word_1_292' title='bbox 308 2604 439 2648; x_wconf 81' lang='lat' dir='ltr'><strong>recta</strong></span> <span class='ocrx_word' id='word_1_293' title='bbox 470 2607 547 2646; x_wconf 71' lang='lat' dir='ltr'><strong>GP</strong></span> <span class='ocrx_word' id='word_1_294' title='bbox 586 2602 682 2658; x_wconf 86' lang='lat' dir='ltr'><strong>(pia</strong></span> <span class='ocrx_word' id='word_1_295' title='bbox 714 2601 807 2647; x_wconf 81' lang='lat' dir='ltr'><strong>nol.</strong></span> <span class='ocrx_word' id='word_1_296' title='bbox 841 2615 896 2647; x_wconf 83' lang='lat' dir='ltr'><strong>ac</strong></span> <span class='ocrx_word' id='word_1_297' title='bbox 928 2604 983 2658; x_wconf 90' lang='lat' dir='ltr'><strong>r.)</strong></span> <span class='ocrx_word' id='word_1_298' title='bbox 1105 2611 1150 2645; x_wconf 82' lang='grc' dir='ltr'><strong>ιο</strong></span> <span class='ocrx_word' id='word_1_299' title='bbox 1182 2600 1320 2646; x_wconf 84' lang='lat' dir='ltr'><strong>fitilla</strong></span> <span class='ocrx_word' id='word_1_300' title='bbox 1351 2605 1431 2643; x_wconf 76' lang='lat' dir='ltr'><strong>BP</strong></span> <span class='ocrx_word' id='word_1_301' title='bbox 1475 2599 1624 2644; x_wconf 79' lang='lat' dir='ltr'><strong>sitilla</strong></span> <span class='ocrx_word' id='word_1_302' title='bbox 1657 2604 1692 2643; x_wconf 81' lang='lat' dir='ltr'>G</span> <span class='ocrx_word' id='word_1_303' title='bbox 1737 2599 1815 2642; x_wconf 86' lang='lat' dir='ltr'><strong>fic-</strong></span> 
     </span>
     <span class='ocr_line' id='line_1_34' title="bbox 113 2658 1817 2708; baseline -0.003 -1"><span class='ocrx_word' id='word_1_304' title='bbox 113 2660 221 2708; x_wconf 71' lang='lat' dir='ltr'><strong>tilla</strong></span> <span class='ocrx_word' id='word_1_305' title='bbox 250 2666 289 2706; x_wconf 72' lang='grc' dir='ltr'>Ι</span> <span class='ocrx_word' id='word_1_306' title='bbox 320 2661 503 2707; x_wconf 83' lang='lat' dir='ltr'><strong>firitilla</strong></span> <span class='ocrx_word' id='word_1_307' title='bbox 525 2662 588 2705; x_wconf 72' lang='lat'><strong>1⁸</strong></span> <span class='ocrx_word' id='word_1_308' title='bbox 620 2660 818 2706; x_wconf 81' lang='lat' dir='ltr'><strong>frictilla</strong></span> <span class='ocrx_word' id='word_1_309' title='bbox 838 2665 884 2706; x_wconf 73' lang='lat'>1</span> <span class='ocrx_word' id='word_1_310' title='bbox 1004 2669 1050 2705; x_wconf 75' lang='lat'><strong>12</strong></span> <span class='ocrx_word' id='word_1_311' title='bbox 1082 2662 1383 2706; x_wconf 87' lang='lat' dir='ltr'><strong>cruentarent</strong></span> <span class='ocrx_word' id='word_1_312' title='bbox 1416 2660 1470 2703; x_wconf 71' lang='grc' dir='ltr'><strong>α’</strong></span> <span class='ocrx_word' id='word_1_313' title='bbox 1594 2667 1639 2702; x_wconf 73' lang='lat'><strong>1³</strong></span> <span class='ocrx_word' id='word_1_314' title='bbox 1673 2658 1747 2702; x_wconf 89' lang='lat' dir='ltr'><strong>Sic</strong></span> <span class='ocrx_word' id='word_1_315' title='bbox 1773 2662 1817 2702; x_wconf 65' lang='grc' dir='ltr'><strong>Π</strong></span> 
     </span>
    </p>

    <p class='ocr_par' dir='ltr' id='par_1_5' title="bbox 189 2718 1816 2780">
     <span class='ocr_line' id='line_1_35' title="bbox 189 2718 1816 2780; baseline -0.002 -14"><span class='ocrx_word' id='word_1_316' title='bbox 189 2721 235 2766; x_wconf 86' lang='lat' dir='ltr'><strong>in</strong></span> <span class='ocrx_word' id='word_1_317' title='bbox 269 2725 393 2778; x_wconf 75' lang='lat' dir='ltr'><strong>(ante</strong></span> <span class='ocrx_word' id='word_1_318' title='bbox 424 2722 546 2780; x_wconf 81' lang='lat' dir='ltr'><strong>ipsa)</strong></span> <span class='ocrx_word' id='word_1_319' title='bbox 578 2735 668 2767; x_wconf 87' lang='lat' dir='ltr'><strong>om.</strong></span> <span class='ocrx_word' id='word_1_320' title='bbox 694 2725 827 2765; x_wconf 66' lang='lat' dir='ltr'><strong>BIP</strong></span> <span class='ocrx_word' id='word_1_321' title='bbox 935 2730 980 2766; x_wconf 73' lang='lat'><strong>15</strong></span> <span class='ocrx_word' id='word_1_322' title='bbox 1011 2721 1278 2778; x_wconf 82' lang='lat' dir='ltr'><strong>accepimus</strong></span> <span class='ocrx_word' id='word_1_323' title='bbox 1312 2726 1338 2763; x_wconf 79' lang='grc'><strong>8</strong></span> <span class='ocrx_word' id='word_1_324' title='bbox 1447 2728 1489 2762; x_wconf 76' lang='grc'><strong>17</strong></span> <span class='ocrx_word' id='word_1_325' title='bbox 1525 2719 1586 2763; x_wconf 85' lang='lat' dir='ltr'><strong>tri</strong></span> <span class='ocrx_word' id='word_1_326' title='bbox 1619 2718 1733 2763; x_wconf 88' lang='lat' dir='ltr'><strong>buet</strong></span> <span class='ocrx_word' id='word_1_327' title='bbox 1756 2719 1816 2761; x_wconf 63' lang='lat'><strong>1¹¹</strong></span> 
     </span>
    </p>

    <p class='ocr_par' dir='ltr' id='par_1_6' title="bbox 113 2779 1818 3018">
     <span class='ocr_line' id='line_1_36' title="bbox 189 2779 1815 2836; baseline -0.003 -10"><span class='ocrx_word' id='word_1_328' title='bbox 189 2790 235 2826; x_wconf 77' lang='grc'><strong>18</strong></span> <span class='ocrx_word' id='word_1_329' title='bbox 264 2787 335 2826; x_wconf 83' lang='lat' dir='ltr'><strong>est</strong></span> <span class='ocrx_word' id='word_1_330' title='bbox 365 2786 438 2826; x_wconf 65' lang='grc' dir='ltr'><strong>(ΞΒ</strong></span> <span class='ocrx_word' id='word_1_331' title='bbox 469 2797 553 2827; x_wconf 86' lang='lat' dir='ltr'><strong>om.</strong></span> <span class='ocrx_word' id='word_1_332' title='bbox 581 2786 613 2825; x_wconf 89' lang='grc'><strong>0</strong></span> <span class='ocrx_word' id='word_1_333' title='bbox 721 2781 832 2825; x_wconf 87' lang='lat' dir='ltr'><strong>dum</strong></span> <span class='ocrx_word' id='word_1_334' title='bbox 866 2781 1024 2826; x_wconf 69' lang='lat' dir='ltr'><strong>maiia</strong></span> <span class='ocrx_word' id='word_1_335' title='bbox 1055 2782 1103 2825; x_wconf 78' lang='lat'><strong>8¹</strong></span> <span class='ocrx_word' id='word_1_336' title='bbox 1242 2790 1287 2824; x_wconf 82' lang='grc' dir='ltr'><strong>ιο</strong></span> <span class='ocrx_word' id='word_1_337' title='bbox 1320 2779 1521 2836; x_wconf 86' lang='lat' dir='ltr'><strong>respicet</strong></span> <span class='ocrx_word' id='word_1_338' title='bbox 1551 2779 1612 2822; x_wconf 62' lang='lat'><strong>1¹¹</strong></span> <span class='ocrx_word' id='word_1_339' title='bbox 1714 2780 1815 2822; x_wconf 89' lang='lat' dir='ltr'><strong>tan-</strong></span> 
     </span>
     <span class='ocr_line' id='line_1_37' title="bbox 114 2838 1814 2898; baseline -0.004 -12"><span class='ocrx_word' id='word_1_340' title='bbox 114 2843 213 2886; x_wconf 72' lang='lat' dir='ltr'><strong>tum</strong></span> <span class='ocrx_word' id='word_1_341' title='bbox 255 2856 339 2886; x_wconf 79' lang='lat' dir='ltr'><strong>om.</strong></span> <span class='ocrx_word' id='word_1_342' title='bbox 386 2846 413 2885; x_wconf 72' lang='grc'><strong>8</strong></span> <span class='ocrx_word' id='word_1_343' title='bbox 563 2851 614 2885; x_wconf 66' lang='lat'><strong>2⁰</strong></span> <span class='ocrx_word' id='word_1_344' title='bbox 656 2856 747 2898; x_wconf 89' lang='lat' dir='ltr'><strong>que</strong></span> <span class='ocrx_word' id='word_1_345' title='bbox 791 2855 884 2886; x_wconf 79' lang='lat' dir='ltr'><strong>acc.</strong></span> <span class='ocrx_word' id='word_1_346' title='bbox 919 2841 980 2884; x_wconf 72' lang='lat'><strong>1¹</strong></span> <span class='ocrx_word' id='word_1_347' title='bbox 1132 2849 1176 2884; x_wconf 71' lang='lat'><strong>21</strong></span> <span class='ocrx_word' id='word_1_348' title='bbox 1223 2854 1313 2884; x_wconf 89' lang='lat' dir='ltr'><strong>non</strong></span> <span class='ocrx_word' id='word_1_349' title='bbox 1355 2854 1382 2888; x_wconf 84' lang='grc' dir='ltr'><strong><em>ς</em></strong></span> <span class='ocrx_word' id='word_1_350' title='bbox 1426 2839 1551 2883; x_wconf 79' lang='lat' dir='ltr'><strong>Vinc.</strong></span> <span class='ocrx_word' id='word_1_351' title='bbox 1589 2838 1703 2883; x_wconf 81' lang='lat' dir='ltr'><strong>Bell.</strong></span> <span class='ocrx_word' id='word_1_352' title='bbox 1738 2838 1814 2893; x_wconf 83' lang='lat' dir='ltr'><strong>Sp.</strong></span> 
     </span>
     <span class='ocr_line' id='line_1_38' title="bbox 114 2897 1818 2958; baseline -0.004 -13"><span class='ocrx_word' id='word_1_353' title='bbox 114 2900 178 2945; x_wconf 77' lang='lat' dir='ltr'><strong>H.</strong></span> <span class='ocrx_word' id='word_1_354' title='bbox 207 2901 553 2956; x_wconf 78' lang='lat' dir='ltr'><em>V11!(1x)106</em></span> <span class='ocrx_word' id='word_1_355' title='bbox 583 2902 661 2958; x_wconf 82' lang='lat' dir='ltr'><strong>Sp.</strong></span> <span class='ocrx_word' id='word_1_356' title='bbox 687 2901 750 2946; x_wconf 81' lang='lat'><strong>1).</strong></span> <span class='ocrx_word' id='word_1_357' title='bbox 780 2901 820 2944; x_wconf 83' lang='lat' dir='ltr'><em>V</em></span> <span class='ocrx_word' id='word_1_358' title='bbox 846 2904 907 2945; x_wconf 78' lang='lat'><strong>46</strong></span> <span class='ocrx_word' id='word_1_359' title='bbox 930 2915 1014 2944; x_wconf 87' lang='lat' dir='ltr'><strong>om.</strong></span> <span class='ocrx_word' id='word_1_360' title='bbox 1042 2904 1074 2943; x_wconf 90' lang='grc'><strong>0</strong></span> <span class='ocrx_word' id='word_1_361' title='bbox 1181 2902 1448 2956; x_wconf 82' lang='lat' dir='ltr'><strong>recepturos</strong></span> <span class='ocrx_word' id='word_1_362' title='bbox 1481 2899 1540 2941; x_wconf 61' lang='lat'><strong>11¹</strong></span> <span class='ocrx_word' id='word_1_363' title='bbox 1651 2897 1818 2951; x_wconf 82' lang='lat' dir='ltr'><strong>recipit</strong></span> 
     </span>
     <span class='ocr_line' id='line_1_39' title="bbox 113 2957 1477 3018; baseline -0.002 -15"><span class='ocrx_word' id='word_1_364' title='bbox 113 2959 235 3003; x_wconf 68' lang='lat'><strong>¹¹8¹</strong></span> <span class='ocrx_word' id='word_1_365' title='bbox 371 2968 420 3004; x_wconf 72' lang='lat'><strong>88</strong></span> <span class='ocrx_word' id='word_1_366' title='bbox 453 2974 543 3004; x_wconf 85' lang='lat' dir='ltr'><strong>non</strong></span> <span class='ocrx_word' id='word_1_367' title='bbox 578 2959 832 3018; x_wconf 83' lang='lat' dir='ltr'><strong>occupauit</strong></span> <span class='ocrx_word' id='word_1_368' title='bbox 863 2959 945 3003; x_wconf 83' lang='lat' dir='ltr'><strong>sed</strong></span> <span class='ocrx_word' id='word_1_369' title='bbox 976 2962 1021 3002; x_wconf 68' lang='grc' dir='ltr'>Ι</span> <span class='ocrx_word' id='word_1_370' title='bbox 1127 2957 1367 3015; x_wconf 85' lang='lat' dir='ltr'><strong>quaesiuit</strong></span> <span class='ocrx_word' id='word_1_371' title='bbox 1397 2961 1477 3000; x_wconf 66' lang='grc' dir='ltr'><strong>ΠΒ</strong></span> 
     </span>
    </p>
   </div>
   <div class='ocr_carea' id='block_1_5' title="bbox 1847 1156 1990 1200">
    <p class='ocr_par' dir='ltr' id='par_1_7' title="bbox 1847 1156 1990 1200">
     <span class='ocr_line' id='line_1_40' title="bbox 1847 1156 1990 1200; baseline -0.007 0"><span class='ocrx_word' id='word_1_372' title='bbox 1847 1162 1868 1200; x_wconf 93' lang='grc'>1</span> <span class='ocrx_word' id='word_1_373' title='bbox 1904 1156 1990 1199; x_wconf 93' lang='lat' dir='ltr'><strong>VII</strong></span> 
     </span>
    </p>
   </div>
  </div>
 </body>
</html>
