2020 3132
476 88 558 133 DE
589 87 938 134 CLEMENTIA
972 88 1085 134 ΗΒ.
1116 86 1158 132 Π
1189 88 1320 135 CAP.
1352 94 1391 133 2.
1427 94 1453 133 3
1715 89 1824 143 245

117 229 335 280 marcet.
397 225 576 279 Erunt
607 225 771 293 cives,
804 229 963 279 erunt
994 226 1127 280 socii
1161 226 1313 296 digni
1343 225 1443 279 hac
1475 226 1739 296 bonitate,
1770 228 1824 280 et

119 302 174 354 in
207 304 384 354 totum
419 301 602 354 orbern
635 301 768 354 recti
808 319 987 354 mores
1023 303 1381 371 revertentur3
1420 304 1671 371 parcetur
1707 300 1823 354 ubi-

119 394 223 444 que
255 375 503 428 manibus
534 377 658 428 tuis.
690 374 910 428 Diutius
935 394 1021 428 me
1052 375 1252 428 morari
1276 374 1367 429 hic
1397 379 1596 445 patere,
1626 394 1736 429 non
1759 379 1823 429 ut
1854 391 1880 430 2

118 449 376 502 blandum
408 450 628 503 auribus
659 449 769 503 tuis
800 449 923 521 (nec
954 450 1096 503 enim
1128 448 1220 504 hic
1252 450 1387 503 mihi
1417 468 1536 503 mos
1569 453 1672 522 est;
1711 469 1821 503 ma·

69 547 90 580 5
116 523 307 577 luerim
353 524 492 578 veris
536 524 803 578 offendere
846 543 1007 594 quam
1061 524 1272 595 placere
1325 524 1642 595 adulando);
1689 525 1820 594 quid

118 617 247 670 ergo
295 599 416 652 est?
459 602 673 669 praeter
718 599 795 667 id,
838 599 982 669 quod
1021 599 1156 652 bene
1203 600 1361 652 factis
1401 599 1668 669 dictisque
1711 599 1819 653 tuis

119 692 278 743 quam
312 673 789 727 familiarissimum
823 692 939 728 esse
971 677 1024 727 te
1056 673 1241 744 cupio,
1271 676 1348 744 ut,
1380 674 1524 744 quod
1556 692 1699 728 nunc
1731 693 1820 726 na-

118 752 241 802 tura
270 751 326 800 et
356 749 571 817 inpetus
596 750 693 817 est,
716 749 813 801 fiat
836 748 1112 818 iudicium,
1144 749 1280 802 illud
1305 767 1513 802 mecum
1539 749 1818 803 considero

119 822 316 876 multas
347 840 505 876 voces
536 841 757 894 magnas
767 865 782 891 ‚
814 823 907 876 sed
940 823 1305 893 detestabiles,
1338 824 1395 877 in
1425 823 1590 877 vitam
1632 825 1820 878 huma·

52 922 96 955 ιο
119 916 243 950 nam
267 897 575 966 pervenisse
598 896 940 966 celebresque
958 898 1119 968 volgo
1142 898 1287 967 ferri,
1304 902 1366 951 ut
1382 899 1555 952 illam:
1574 899 1820 967 ‘oderint,

118 971 245 1024 dum
278 972 558 1040 metuant',
598 971 727 1041 quoi
761 970 995 1025 Graecus
1027 990 1213 1026 versus
1254 974 1448 1025 similis
1489 976 1592 1041 est,
1632 974 1820 1042 qui¹se

118 1049 334 1099 mortuo
365 1049 563 1099 terram
597 1047 809 1100 misceri
841 1046 1060 1117 ignibus
1093 1046 1265 1117 iubet,
1305 1050 1359 1101 et
1390 1047 1496 1100 alia
1527 1047 1689 1101 huius
1727 1066 1821 1101 no-

119 1125 219 1174 tae.
283 1119 363 1173 Ac
401 1121 584 1174 nescio
629 1122 899 1190 quomodo
943 1121 1160 1192 ingenia
1199 1123 1260 1175 in
1305 1122 1508 1175 inmani
1555 1125 1609 1175 et
1649 1122 1822 1176 invisa
1855 1136 1880 1174 3

119 1195 345 1248 materia.
376 1195 691 1249 secundiore
720 1213 807 1250 ore
844 1200 1221 1266 expresserunt
1259 1215 1447 1250 sensus
1479 1196 1821 1250 vehementes

52 1295 94 1328 ιε,
121 1274 175 1323 et
206 1270 528 1339 concitatos3
560 1267 765 1324 nullam
799 1271 973 1324 adhuc
1004 1289 1190 1324 vocem
1232 1272 1377 1325 audii
1411 1291 1476 1324 ex
1515 1272 1660 1326 bono
1691 1271 1820 1325 leni·

121 1363 225 1414 que
257 1346 569 1399 animosam.
626 1344 767 1407 Quid
801 1364 929 1416 ergo
963 1346 1082 1399 est?
1113 1349 1175 1399 ut
1205 1365 1343 1414 raro,
1374 1347 1579 1400 invitus
1613 1350 1667 1400 et
1699 1365 1821 1401 cum

121 1438 317 1491 magna
362 1420 726 1489 cunctatione,
773 1420 848 1474 ita
894 1420 1184 1491 aliquando
1234 1421 1437 1475 scribas
1483 1439 1697 1475 necesse
1740 1425 1823 1475 est

121 1494 282 1565 istud,
313 1495 455 1564 quod
488 1494 589 1548 tibi
622 1495 677 1548 in
711 1494 893 1548 odium
925 1494 1135 1549 litteras
1168 1496 1404 1566 adduxit,
1438 1495 1545 1565 sed,
1577 1496 1718 1550 sicut
1747 1497 1823 1550 fa-

121 1570 215 1637 cis,
246 1587 367 1623 cum
403 1587 598 1641 magna
629 1570 986 1638 cunctatione,
1017 1589 1138 1624 cum
1163 1572 1350 1624 multis
1382 1571 1747 1625 dilationibus,

52 1670 97 1703 ,ο
195 1643 268 1697 Et
304 1662 373 1697 ne
411 1644 552 1698 forte
594 1644 827 1715 decipiat
864 1663 964 1698 nos
1013 1645 1318 1715 speciosum
1367 1645 1681 1701 clementiae
1726 1665 1819 1700 no·
1855 1657 1876 1696 1
1912 1651 1978 1696 111

119 1737 244 1772 men
290 1718 579 1788 aliquando
633 1722 687 1773 et
734 1720 790 1773 in
840 1720 1166 1774 contrarium
1224 1721 1476 1790 abducat,
1530 1721 1820 1790 videamus,

118 1794 250 1864 quid
282 1794 355 1847 sit
385 1793 671 1847 clementia
701 1793 983 1864 qualisque
1015 1795 1086 1848 sit
1118 1798 1172 1848 et
1203 1813 1340 1865 quos
1371 1797 1504 1849 fines
1537 1796 1746 1850 habeat.

195 1866 494 1922 Clementia
540 1872 623 1923 est
667 1869 1026 1939 temperantia
1067 1870 1234 1923 animi
1277 1871 1333 1924 in
1380 1873 1647 1941 potestate
1693 1871 1821 1924 ulci-

120 1942 301 1996 scendi
333 1944 419 1996 vel
450 1943 643 1997 lenitas
675 1944 968 2014 superioris
994 1945 1248 1998 adversus
1274 1945 1583 1999 inferiorem
1607 1947 1665 2000 in
1698 1964 1821 2000 con-

51 2043 94 2076 „
120 2017 409 2071 stituendis
447 2017 649 2087 poenis.
711 2018 874 2072 Plura
913 2037 1214 2089 proponere
1254 2019 1425 2074 tutius
1466 2024 1568 2089 est,
1607 2039 1675 2074 ne
1714 2039 1822 2074 una.

120 2091 295 2145 finitio
335 2110 522 2162 parum
565 2111 677 2146 rem
719 2094 1123 2164 conprehendat
1162 2098 1236 2163 et,
1277 2097 1338 2148 ut
1369 2094 1447 2147 ita
1485 2095 1683 2166 dicam,
1714 2097 1819 2149 for-

120 2165 265 2220 mula
296 2166 529 2238 excidat3
562 2167 744 2237 itaque
777 2168 881 2222 dici
916 2172 1095 2239 potest
1134 2172 1189 2223 et
1230 2169 1511 2224 inclinatio
1553 2170 1719 2224 animi
1753 2171 1820 2224 ad

192 2323 239 2358 ιο
268 2316 352 2370 cfr.
384 2315 448 2359 aa
484 2317 515 2360 Ι
544 2319 661 2370 12,4
811 2325 851 2361 11
883 2318 945 2372 fr.
976 2318 1129 2375 adesp.
1155 2321 1244 2363 613
1269 2321 1401 2374 (430)
1427 2319 1608 2364 Nauck.

192 2458 210 2493 ι
245 2450 506 2495 marcescit.
539 2450 599 2495 Et
629 2453 764 2495 erunt
787 2455 904 2496 210?
1025 2466 1080 2497 sc
1112 2452 1217 2499 bon.
1243 2453 1395 2497 ΚΒΓ
1515 2462 1539 2497 s
1570 2455 1822 2510 paroentur

116 2513 204 2552 lu.
323 2508 511 2581 ubqnse
541 2514 580 2553 1
708 2519 733 2554 ⁸
763 2525 839 2556 me
868 2511 1116 2558 memorari
1146 2517 1180 2556 1.
1303 2512 1380 2558 hic
1412 2528 1440 2564 ς
1471 2513 1579 2558 huic
1612 2513 1738 2571 (hinc
1767 2516 1819 2572 1.)

119 2573 151 2613 0
183 2568 421 2614 immoni-2
454 2569 563 2614 huic
595 2569 767 2630 (voci)
791 2585 836 2629 p.
867 2572 963 2631 My.
1088 2581 1111 2617 4
1144 2571 1338 2618 bladum
1371 2577 1410 2616 1¹
1448 2572 1667 2618 blandiar
1696 2578 1730 2617 1·

115 2637 141 2672 ο
171 2631 359 2684 praeter
387 2634 421 2673 1.
452 2632 602 2687 ιιι-(τῴ
634 2634 666 2674 0
698 2628 790 2675 nisi
813 2635 847 2674 'r
977 2640 1003 2676 o
1034 2631 1134 2691 sed]
1167 2646 1216 2677 se
1246 2636 1332 2676 RB
1452 2641 1494 2677 ιι
1528 2633 1659 2692 quoi]
1692 2633 1818 2703 quod

116 2692 203 2732 n
234 2687 308 2732 cui
333 2692 365 2732 0
487 2692 559 2734 est
590 2689 705 2744 eius,
737 2690 819 2748 qui
844 2706 872 2741 ς
994 2699 1040 2735 1⁸
1071 2691 1166 2751 ing.
1199 2691 1410 2737 inmanis
1434 2692 1598 2751 (imm.)
1623 2695 1670 2738 et
1701 2708 1730 2737 1.
1756 2707 1816 2738 m.

116 2747 380 2794 secundiori
412 2747 586 2804 (diors
615 2753 701 2793 RB
733 2749 820 2795 fec.
844 2752 894 2806 τ)
926 2765 982 2796 ex
1016 2767 1050 2797 r.
1085 2755 1160 2796 01·
1202 2765 1318 2798 corr.
1346 2753 1454 2810 Ispa.
1500 2751 1547 2796 in
1582 2753 1689 2798 add.
1719 2754 1816 2813 My.

188 2816 237 2852 1⁸
261 2806 425 2853 audiui
449 2812 524 2853 11.
647 2818 694 2853 n
717 2809 904 2868 magnis
930 2809 977 2856 di
1000 2846 1010 2855 .
1035 2815 1071 2855 r
1168 2819 1218 2856 10
1243 2811 1303 2857 Et
1326 2826 1408 2859 om.
1429 2816 1547 2856 1101’
1579 2813 1643 2857 At
1659 2813 1820 2861 Haase

189 2875 235 2912 n
278 2867 485 2913 sdducat
524 2873 558 2913 1.
709 2877 759 2914 ’ὅ
801 2873 1083 2928 proponeret
1124 2870 1251 2920 utine
1290 2876 1378 2919 KB
1528 2886 1613 2918 nec
1643 2876 1729 2919 RB

115 2934 165 2975 u
196 2926 417 2975 diffinitio
448 2933 524 2973 101’
673 2937 721 2979 8¹1
754 2929 951 2978 excedat
980 2936 1013 2980 10
