2020 3132
185 69 296 122 204
719 70 769 115 L.
802 69 1037 116 ANNAEI
1069 70 1342 117 SENECAE

187 206 352 259 alium
384 206 609 276 inpensa
649 207 900 276 deterret,
933 207 1098 260 alium
1138 209 1458 281 periculum,
1498 210 1662 263 alium
1685 212 1902 281 ‘tunnis‘

187 282 526 348 verecundia,
567 301 654 347 ne,
699 282 826 334 dum
868 283 1065 352 reddit,
1103 285 1337 337 fateatur
1374 286 1663 355 accepisse,
1711 287 1875 339 alium

190 356 496 426 ignorantia
530 356 712 426 officii,
744 357 910 409 alium
940 357 1175 427 pigritia,
1208 359 1373 411 alium
1407 361 1702 429 occupatio
1766 359 1874 413 Ad-

186 430 352 500 spice,
403 431 853 499 quemadmodum
898 433 1172 486 inmensae
1225 433 1506 486 hominum
1553 435 1872 504 cupiditates

183 505 335 558 hient
378 523 588 574 semper
630 509 683 558 et
724 510 971 576 poscant3
1014 525 1122 560 non
1168 508 1447 561 miraberis
1486 509 1564 562 ibi
1604 511 1873 562 neminem
1921 532 1940 565 5

123 593 150 631 4
182 580 422 648 reddere,
453 581 547 633 ubi
579 598 736 633 nemo
770 581 900 633 satis
940 582 1159 650 accepit.
1217 581 1346 645 Quis
1388 587 1468 637 est
1500 584 1729 637 istorum
1761 588 1872 638 tam

183 654 366 707 firmae
404 655 600 707 mentis
641 674 703 708 ac
745 655 967 724 solidae,
1006 659 1067 708 ut
1105 659 1225 709 tuto
1266 658 1407 726 apud
1455 677 1576 711 eum
1616 659 1874 712 beneficia

182 729 455 798 deponas?
509 728 665 782 Alius
696 729 921 783 libidine
953 731 1176 801 insanit,
1207 731 1343 785 alius
1377 732 1653 785 abdomini
1686 734 1868 804 servit3

182 804 317 856 alius
348 804 484 856 lucri
516 807 667 857 totus
699 808 801 871 est,
835 805 985 858 cuius
1019 823 1304 875 summam,
1343 825 1452 860 non
1484 808 1612 875 viaS,
1647 811 1873 878 spectat3

180 879 316 931 alius
348 878 550 931 invidia
579 879 807 949 laborat,
839 880 974 932 alius
1007 897 1160 933 caeca
1185 881 1478 934 ambitione
1502 885 1555 934 et
1579 883 1635 935 in
1661 883 1870 953 gladios
1898 906 1942 937 ιο

181 954 439 1007 inruente.
473 953 639 1006 Adice
663 957 937 1024 torporem
970 956 1165 1008 mentis
1199 974 1261 1010 ac
1293 957 1499 1009 senium
1526 960 1580 1009 et
1605 957 1874 1010 contraria
1930 1027 1935 1029 Π

180 1027 308 1082 huic
345 1028 575 1097 inquieti
613 1031 847 1098 pectoris
887 1029 1238 1099 agitationem
1278 1032 1650 1101 tumultusque
1688 1051 1874 1101 perpe-

51 1161 55 1170 &
102 1128 106 1152 s
180 1105 325 1172 tuos3
366 1103 511 1156 adice
544 1103 972 1156 aestimationem
1005 1105 1088 1156 sui
1127 1105 1349 1158 nimiam
1381 1109 1434 1158 et
1474 1108 1762 1175 tumorem,
1805 1107 1873 1160 ob

183 1195 317 1245 quae
350 1178 770 1230 contemnendus
803 1182 899 1247 est,
930 1179 1263 1233 insolentem.
1312 1179 1451 1243 Quid
1484 1182 1872 1234 contumaciam

181 1253 355 1306 dicam
387 1252 443 1304 in
475 1270 724 1321 perversa
754 1253 1057 1318 nitentium,
1091 1254 1222 1322 quid
1244 1255 1518 1308 levitatem
1545 1273 1751 1324 semper
1784 1256 1874 1308 ali-
1901 1285 1942 1317 15

123 1338 148 1377 5
184 1346 290 1396 quo
329 1327 759 1380 transilientem?
822 1327 941 1380 Hoc
979 1330 1195 1382 accedat
1232 1329 1504 1382 temeritas
1535 1348 1789 1400 praeceps
1822 1333 1876 1383 et

179 1410 476 1471 numquam
509 1402 664 1455 fidele
697 1402 982 1455 consilium
1017 1403 1235 1458 daturus
1268 1405 1432 1457 timor
1469 1408 1523 1458 et
1553 1405 1700 1458 mille
1734 1423 1873 1459 erro-

180 1495 278 1543 reS‚
312 1477 507 1546 quibus
541 1476 828 1531 volvimur:
861 1478 1081 1530 audacia
1104 1479 1586 1549 timidissimorum,
1610 1479 1875 1533 discordia

179 1551 719 1605 familiarissimorum
769 1556 843 1621 et,
897 1553 1172 1621 publicum
1228 1554 1451 1623 malum,
1502 1554 1873 1608 incertissimis

179 1627 356 1696 fidere,
388 1625 630 1679 fastidire
663 1645 935 1696 possessa,
968 1647 1103 1697 quae
1135 1629 1391 1698 consequi
1422 1647 1581 1699 posse
1613 1647 1734 1699 spes
1765 1647 1873 1682 non
1901 1657 1943 1690 20

179 1701 296 1754 fuit.
359 1700 507 1754 Inter
553 1701 791 1754 adfectus
838 1701 1263 1771 inquietissimos
1310 1721 1422 1757 rem
1471 1703 1875 1774 quietissimam,

182 1776 357 1843 fidem,
391 1777 640 1845 quaeris?
1805 1785 1808 1788 ’

2 1851 172 1899 XXVII
202 1862 223 1899 1
310 1850 367 1904 Si
405 1850 507 1903 tibi
547 1851 688 1903 vitae
726 1854 940 1904 nostrae
976 1871 1100 1905 vera
1145 1854 1325 1922 imago
1366 1857 1661 1922 succurret,
1705 1855 1877 1906 videre

179 1925 446 1978 videberis
486 1926 586 1978 tibi
627 1929 812 1994 captae
855 1944 975 1979 cum
1016 1927 1247 1979 maxime
1288 1928 1520 1981 civitatis
1559 1928 1771 1997 faciem,
1818 1929 1874 1981 in

181 2018 287 2069 qua
318 1999 518 2053 omisso
559 2000 782 2070 pudoris
822 2001 1062 2070 rectique
1101 2004 1346 2071 respectu
1379 2003 1517 2056 vires
1557 2003 1614 2056 in
1646 2003 1872 2056 concilio
1899 2029 1940 2062 25

180 2077 305 2127 sunt
336 2076 484 2128 velut
516 2075 672 2145 signo
705 2075 772 2127 ad
802 2077 1170 2145 permiscenda
1203 2077 1383 2130 omnia
1415 2077 1553 2130 dato.
1589 2076 1713 2131 Non
1745 2078 1875 2148 igni,

180 2167 288 2202 non
319 2150 462 2203 ferro
495 2149 817 2220 abstinetur3
850 2150 1026 2203 soluta
1049 2150 1262 2222 legibus
1295 2153 1492 2204 scelera
1523 2155 1671 2222 sunt3
1702 2171 1769 2205 ne
1799 2172 1876 2206 re-

178 2224 311 2293 ligio
346 2224 582 2295 quidem,
623 2243 758 2292 quae
797 2225 936 2278 inter
975 2244 1123 2278 arma
1158 2226 1378 2279 hostilia
1418 2227 1686 2296 supplices
1726 2228 1876 2297 texit,

254 2379 277 2415 5
310 2385 450 2428 super
482 2377 507 2415 S
629 2372 821 2417 mirabis
855 2378 890 2416 G
1016 2382 1040 2416 6
1073 2374 1257 2431 accepis
1290 2380 1316 2417 S
1348 2374 1524 2432 accipit
1554 2393 1589 2420 ω
1723 2384 1740 2418 '2
1776 2378 1875 2420 toto

179 2431 242 2475 N¹
272 2432 383 2476 uoto
419 2437 444 2474 S
564 2431 671 2476 ben.
707 2432 878 2477 debeas
913 2438 939 2476 S
1060 2441 1084 2476 8
1114 2433 1356 2478 libidinem
1390 2435 1452 2477 13¹
1572 2435 1630 2479 ob
1665 2435 1750 2479 dffi
1781 2450 1813 2478 s.
1843 2441 1877 2478 G

180 2490 239 2534 ab
273 2491 473 2535 dominis
507 2491 628 2535 eruit
650 2497 684 2534 P
716 2491 836 2536 alius
870 2492 954 2537 alii
986 2493 1173 2538 domino
1206 2509 1240 2537 s.
1266 2499 1292 2537 S
1412 2503 1436 2537 9
1467 2496 1596 2538 totus
1630 2500 1655 2538 8
1686 2498 1816 2539 tosus
1843 2500 1873 2538 0

255 2552 325 2594 est
357 2553 428 2594 est
460 2556 486 2593 S
585 2565 766 2595 sumam
797 2551 930 2596 inuia
961 2567 1028 2609 sp.
1063 2559 1088 2596 S
1179 2567 1272 2597 non
1303 2553 1430 2598 uices
1464 2559 1540 2596 GP
1636 2563 1679 2598 11
1710 2557 1874 2599 ruente

185 2614 261 2652 GP
361 2610 644 2655 contrariam
674 2616 707 2654 P
811 2620 858 2655 14
890 2611 980 2665 Qui
1013 2617 1047 2654 G
1148 2621 1194 2656 15
1227 2613 1381 2657 dicam
1412 2614 1520 2658 add.
1549 2614 1682 2660 Gertz
1713 2615 1876 2670 loquar

174 2674 282 2725 post
312 2671 453 2713 trans.
479 2674 516 2712 V
639 2671 719 2726 qui
750 2670 812 2713 Νι
932 2671 1026 2716 alio
1050 2673 1183 2718 Pinc.
1304 2681 1351 2716 16
1382 2673 1471 2717 hoc
1501 2678 1540 2716 N
1570 2673 1662 2717 huc
1691 2674 1793 2717 ΝΞΟ

179 2729 374 2772 accedas
400 2735 426 2772 S
547 2738 593 2772 19
617 2730 1021 2774 saliarissimorum
1045 2732 1106 2774 Νι
1226 2741 1275 2775 20
1300 2734 1462 2789 optare
1486 2746 1606 2788 quae
1629 2734 1724 2778 cod.
1741 2734 1873 2777 Pinc.

254 2797 298 2830 21
331 2789 540 2833 adfectos
570 2790 632 2831 13¹
774 2799 823 2833 28
857 2790 928 2834 Sit
958 2791 1020 2833 Nl
1156 2791 1311 2836 videre
1340 2793 1414 2837 hic
1443 2793 1549 2837 add.
1586 2793 1743 2845 Gertz,
1771 2799 1874 2849 post

179 2847 268 2890 tibi
293 2852 330 2889 V
450 2857 498 2891 24
522 2848 684 2904 iniqua
707 2849 769 2891 N¹
889 2859 936 2893 25
963 2850 1161 2908 victores
1186 2852 1317 2896 Koch
1437 2852 1486 2894 in
1511 2851 1708 2895 consilia
1740 2853 1870 2896 eunt:

180 2906 305 2950 velut
331 2942 340 2951 .
367 2943 375 2950 .
403 2908 512 2952 dato
544 2921 637 2951 non
669 2909 933 2954 Feldmann
1082 2919 1131 2953 26
1161 2910 1262 2968 igni
1294 2912 1377 2955 aut
1409 2912 1439 2955 f.
1474 2916 1500 2954 S
1650 2920 1695 2954 27
1729 2925 1814 2956 nec
1847 2917 1873 2954 s
