2020 3132
274 118 345 170 22
350 117 383 170 8
810 116 860 159 L.
892 114 1130 159 ANNAEI
1160 114 1434 160 SENECAE

273 253 376 306 hoc
409 252 554 322 quod
587 251 849 321 dicebam,
891 251 1175 305 clementia
1214 251 1403 323 efficit,
1442 254 1504 304 ut
1542 270 1797 323 magnum
1829 251 1968 307 inter

273 345 454 398 regem
500 330 894 396 tyrannumque
942 327 1227 379 discrimen
1272 326 1365 396 sit,
1417 329 1643 396 uterque
1688 327 1814 380 licet
1858 346 1968 381 non

273 403 451 454 minus
484 402 647 454 armis
680 403 930 471 valletur,
970 401 1062 455 sed
1101 402 1236 454 alter
1274 419 1422 454 arma
1458 400 1645 472 habet,
1685 402 1880 471 quibus
1912 403 1969 455 in

274 477 668 529 munimentum
692 476 840 546 pacis
863 476 1052 545 utitur,
1077 476 1227 545 alter,
1250 479 1313 528 ut
1335 494 1531 547 magno
1556 477 1751 529 timore
1775 495 1971 548 magna

276 551 399 604 odia
438 555 748 621 conpescat,
786 568 886 604 nec
924 551 1044 604 illas
1084 551 1226 620 ipsas
1267 568 1457 603 manus
1466 593 1481 620 ,
1520 551 1713 620 quibus
1754 570 1810 604 se
1849 569 1970 605 con·
2017 583 2020 612 Ι

215 644 243 682 4
276 626 442 697 misit,
477 643 696 679 securus
728 625 972 694 adspicit.
1037 623 1333 678 Contrariis
1373 626 1430 678 in
1474 627 1739 679 contraria
1770 626 1970 697 agitur3

276 719 401 752 nam
434 718 555 753 cum
586 699 793 753 invisus
827 700 913 769 sit,
947 700 1073 768 quia
1103 700 1339 770 timetur,
1369 700 1549 753 timeri
1574 700 1707 770 vult,
1738 703 1863 771 quia
1894 701 1972 754 in-

276 775 423 828 visus
458 779 552 845 est,
585 777 639 827 et
669 775 764 828 illo
798 773 1087 827 execrabili
1110 793 1285 844 versu,
1310 775 1403 843 qui
1426 776 1626 828 multos
1651 775 1970 846 praecipites

277 850 446 919 dedit,
478 849 674 902 utitur:
709 847 974 919 ‘Oderint,
1015 849 1142 901 dum
1180 851 1459 916 metuant’,
1489 850 1732 921 ignarus,
1772 854 1972 919 quanta

276 925 450 978 rabies
485 925 703 990 oriatur,
735 924 828 977 ubi
861 943 1023 993 supra
1053 924 1274 977 modum
1306 924 1429 978 odia
1460 928 1757 978 creverunt.
1819 925 1972 978 Tem·
1997 957 2020 987 ι.

276 1003 493 1069 peratus
535 999 678 1052 enim
719 999 883 1052 timor
923 998 1141 1052 cohibet
1179 999 1412 1069 611111106,
1451 999 1706 1053 adsiduus
1753 1018 1878 1053 vero
1919 1003 1972 1052 et

276 1092 398 1128 acer
430 1077 483 1126 et
514 1077 752 1127 extrema
785 1073 1074 1126 admovens
1107 1073 1164 1126 in
1195 1074 1471 1126 audaciam
1510 1075 1742 1128 iacentes
1775 1074 1975 1128 excitat

218 1166 244 1206 5
277 1151 331 1202 et
363 1148 543 1202 omm'a
573 1148 804 1217 experiri
828 1148 1028 1201 suadet.
1065 1146 1153 1200 Sic
1175 1149 1314 1201 feras
1337 1148 1480 1216 linea
1503 1151 1556 1202 613
1579 1149 1774 1218 pinnae
1799 1149 1974 1202 clusas

278 1223 609 1292 contineant,
649 1223 859 1276 easdem
900 1241 931 1275 a
970 1225 1130 1293 tergo.
1156 1241 1319 1292 eques
1360 1222 1482 1276 telis
1522 1223 1774 1277 incessat:
1805 1227 1974 1293 temp-

278 1297 472 1351 tabunt
503 1299 687 1368 fugam
720 1316 815 1366 per
846 1297 984 1367 ipsa,
1018 1316 1154 1367 quae
1185 1298 1451 1368 fugerant,
1480 1298 1974 1368 proculcabuntque
2000 1329 2018 1361 1

277 1373 635 1426 formidinem.
684 1371 962 1426 Acerrima
993 1374 1166 1425 virtus
1199 1375 1303 1442 est,
1336 1391 1499 1441 quam
1530 1372 1722 1426 ultima
1750 1374 1976 1427 necessi-

278 1452 361 1500 tas
408 1448 669 1501 extundit.
733 1447 1025 1515 Relinquat
1072 1450 1287 1516 oportet
1333 1448 1507 1501 securi
1553 1447 1759 1516 aliquid
1801 1451 1974 1501 metus

279 1523 559 1592 multoque
592 1521 714 1591 plus
747 1523 861 1592 spei
894 1541 1055 1591 quam
1079 1522 1442 1591 periculorum
1467 1525 1726 1595 ostentet3
1757 1522 1977 1594 alioqui,

280 1596 375 1649 ubi
424 1597 721 1666 quiescenti
759 1597 910 1667 paria
951 1599 1286 1667 metuuntur,
1324 1597 1594 1651 incurrere
1636 1598 1692 1651 in
1738 1597 1977 1668 pericula

279 1673 428 1725 iuvat
461 1676 514 1726 613
543 1677 601 1726 ut
632 1672 807 1725 aliena
839 1672 1018 1725 anima
1050 1672 1216 1725 abuti.
2000 1701 2020 1732 2

102 1756 208 1802 XIII
235 1761 254 1798 1
358 1746 579 1801 Placido
620 1749 1020 1816 tranquilloque
1059 1747 1176 1817 regi
1213 1746 1320 1798 fida
1359 1750 1485 1799 sunt
1514 1747 1731 1800 ·auxilia
1769 1766 1878 1818 sua,
1917 1750 1977 1800 ut

280 1822 475 1890 quibus
538 1822 605 1874 ad
661 1839 999 1875 communem
1054 1823 1282 1874 salutem
1343 1824 1548 1891 utatur,
1604 1821 1977 1892 gloriosusque

279 1897 434 1949 miles
476 1896 751 1968 (publicae
792 1895 935 1949 enim
976 1895 1252 1949 securitati
1293 1913 1347 1949 se
1388 1896 1511 1949 dare
1552 1914 1768 1965 operam
1805 1895 1976 1968 videt)

350 2023 375 2057 ο
408 2015 579 2059 Accius
609 2016 662 2059 in
693 2015 833 2060 Atreo
863 2015 923 2070 fr.
963 2015 998 2059 V
1023 2017 1154 2070 (203)
1182 2015 1315 2059 Ribb.

351 2128 372 2162 1
398 2119 612 2164 dicebam
637 2119 694 2163 de
720 2119 852 2164 clem.
877 2123 956 2162 ΔΡ
1077 2128 1100 2162 2
1131 2118 1244 2163 licet
1276 2118 1490 2162 dominus
1518 2120 1616 2177 My.
1649 2118 1679 2162 1.
1711 2118 1976 2163 hominibus

278 2179 472 2224 armatis
497 2179 723 2225 Schultess
753 2179 783 2224 1.
815 2194 859 2222 11.
893 2179 1047 2223 minus
1109 2179 1256 2223 altero
1316 2179 1439 2238 qu.
1560 2187 1584 2222 8
1615 2193 1676 2223 m.
1709 2179 1978 2238 arlualletur

277 2244 316 2283 N
436 2238 582 2283 habet
612 2241 660 2283 et
690 2240 811 2284 rasis
842 2240 890 2283 et
920 2240 1003 2284 ult.
1027 2243 1067 2281 N
1117 2238 1216 2282 ibet
1233 2241 1290 2296 (.)
1314 2238 1375 2280 R¹
1495 2247 1520 2281 4
1550 2238 1854 2283 munimentis
1885 2238 1976 2282 uti-

277 2301 355 2343 tur
377 2299 555 2355 patitur
578 2299 712 2356 pacis
730 2305 755 2342 S
853 2300 1144 2357 utaturqu.
1246 2306 1266 2341 7
1291 2312 1402 2342 116111
1427 2312 1528 2342 611111
1557 2313 1585 2348 ς
1608 2298 1715 2342 Ν611
1740 2311 1764 2342 6
1787 2302 1826 2340 Ν
1857 2312 1978 2342 116116

277 2364 316 2401 B.
345 2372 456 2402 nam
486 2360 541 2402 1113
565 2363 596 2402 0
703 2366 727 2402 8
759 2373 893 2402 116160
917 2363 1003 2401 NB.
1110 2357 1243 2402 dedit
1272 2371 1427 2414 praec.
1452 2361 1616 2402 AFLP
1720 2366 1745 2401 9
1768 2357 1920 2402 uritur
1943 2363 1977 2401 1?

354 2419 467 2462 odei·
488 2423 526 2461 A
646 2427 693 2462 10
723 2418 879 2475 rapies
911 2423 996 2461 NR.
1131 2417 1365 2461 creuerint
1393 2422 1427 2461 L
1549 2426 1592 2461 11
1624 2417 1806 2461 animus
1837 2422 1876 2460 R

278 2487 324 2521 12
356 2478 554 2522 iacentis
587 2482 673 2520 NB.
703 2480 943 2535 gementes
975 2482 1008 2520 P
1140 2477 1294 2521 excita
1323 2481 1409 2520 NR
1535 2485 1582 2520 18
1612 2476 1763 2521 lenias
1793 2477 1894 2534 (lin.
1924 2479 1976 2535 L)

279 2543 356 2581 AL
388 2538 538 2582 lineas
572 2544 611 2594 (s
644 2539 727 2583 del.
759 2553 818 2582 m.
843 2542 869 2582 1
903 2539 955 2582 in
985 2540 1041 2594 N)
1067 2541 1098 2580 0
1130 2537 1283 2581 lineae
1316 2536 1608 2594 (-continent)
1640 2538 1735 2582 cod.
1754 2538 1885 2582 Pinc.

278 2598 425 2654 pinna
467 2597 672 2643 seclusas
705 2597 830 2654 (recl.
861 2599 913 2654 L)
946 2601 1023 2640 AL
1067 2602 1109 2641 et
1151 2611 1208 2642 ex
1247 2596 1417 2653 pinnas
1450 2595 1534 2640 ecl.
1566 2611 1624 2641 m.
1655 2610 1742 2642 rec.
1772 2598 1826 2641 in
1855 2601 1888 2640 1³

278 2665 325 2700 14
357 2657 596 2702 contineas
629 2657 789 2701 demat
820 2656 1007 2714 (Demas
1037 2660 1119 2698 AF
1151 2657 1191 2700 si
1220 2660 1271 2713 L)
1312 2670 1421 2713 ergo
1456 2660 1487 2699 0
1526 2670 1640 2701 corr.
1673 2655 1734 2698 Β2
1770 2655 1976 2713 (6011131116

280 2717 457 2774 66116111)
490 2723 532 2762 et
565 2717 700 2762 Gertz
742 2717 781 2760 61
813 2718 844 2761 f.
876 2716 1014 2761 lineis
1047 2717 1094 2760 et
1123 2729 1279 2772 penna
1311 2715 1552 2760 conclusas
1586 2715 1826 2760 contineas
1859 2729 1887 2764 ς

279 2777 484 2821 incessat
515 2781 554 2819 N
584 2776 778 2820 incessit
809 2780 840 2819 0
969 2776 1239 2833 temptabat
1269 2780 1307 2818 A
1440 2783 1486 2819 15
1517 2775 1705 2832 fugerat
1734 2775 1974 2831 proculca-

279 2837 455 2892 batque
485 2840 522 2880 A
675 2844 726 2879 20
754 2838 807 2880 ut
836 2836 943 2881 add.
962 2836 1121 2881 Haase
1279 2844 1323 2878 21
1354 2835 1531 2892 placito
1562 2839 1648 2877 NB
1808 2836 1862 2878 ut
1891 2840 1975 2878 NB

280 2909 364 2940 om.
391 2901 420 2938 0
543 2904 591 2938 23
623 2895 748 2939 enim
766 2931 776 2940 .
797 2932 806 2940 .
825 2930 835 2940 .
853 2897 903 2939 at
933 2895 1068 2938 illum
1100 2909 1184 2940 om.
1208 2899 1246 2938 A
1368 2894 1619 2938 securitate
1649 2899 1683 2937 L
1806 2908 1855 2938 se
1888 2899 1976 2937 NB.

281 2969 363 3000 om.
399 2959 429 2997 0
581 2955 738 3000 uidem
769 2959 855 2998 NR
893 2955 1082 2999 uidetur
1114 2958 1145 2998 0
1177 2968 1291 3000 corr.
1309 2955 1472 2999 Haase
