2020 3132
490 73 572 119 DE
603 71 957 119 CLEMENTIA
985 73 1097 119 ΠΒ.
1127 73 1150 118 1
1181 72 1309 119 cAP.
1344 78 1413 119 16.
1448 78 1502 118 17
1737 73 1846 128 233

146 209 322 264 bunus
369 211 457 264 vel
501 210 744 264 centurio
792 209 1072 264 militibus,
1133 209 1330 265 Nonne
1371 210 1639 281 pessimus
1691 214 1844 280 pater
1877 225 1903 264 3

146 285 438 354 videbitur,
475 285 569 355 qui
600 284 838 339 adsiduis
868 284 1045 357 plagis
1082 285 1285 339 liberos
1333 286 1496 340 etiam
1537 304 1602 339 ex
1639 285 1844 340 levissi-

144 359 247 413 mis
281 360 456 414 causis
496 360 814 429 conpescet?
874 359 1011 415 Uter
1049 363 1229 413 autem
1259 363 1578 430 praeceptor
1606 360 1843 415 liberali-

142 433 244 486 bus
276 434 468 489 studiis
500 434 729 506 dignior,
761 435 855 505 qui
887 435 1287 489 excarnificabit
1318 435 1634 504 discipulos,
1659 436 1705 489 si
1736 454 1842 490 me-

97 505 126 561 5'
143 508 315 562 moria
346 509 454 562 illis
479 527 588 562 non
619 510 926 563 constiterit
948 513 1043 563 aut
1065 510 1111 564 si
1133 528 1324 580 parum
1350 510 1508 581 agilis
1532 511 1589 563 in
1612 510 1840 582 legendo

142 584 332 638 oculus
386 583 642 653 haeserit,
695 603 765 638 an
821 585 915 654 qui
969 584 1362 638 monitionibus
1417 588 1470 639 et
1522 585 1841 638 verecundia

141 658 423 712 emendare
455 677 516 712 ac
547 658 739 713 docere
769 658 959 713 malit?
1014 658 1314 713 Tribunum
1359 660 1840 730 centurionemque

139 731 205 785 da
236 750 477 786 saevum:
510 733 810 787 desertores
840 734 1026 799 faciet,
1066 734 1264 804 quibus
1308 737 1488 789 tamen
1522 735 1837 805 ignoscitur.

135 805 543 877 Numquidnam
575 826 804 878 aequum
837 811 919 862 est
957 809 1178 880 gravius
1209 809 1418 862 homini
1452 813 1506 862 et
1538 808 1721 863 durius
1753 809 1836 863 in-
1870 823 1895 862 4

72 900 116 933 ιο
138 882 331 951 perari,
361 901 524 951 quam
556 883 835 952 inperatur
857 883 1182 937 animalibus
1207 884 1412 937 mutis?
1459 883 1612 953 atqui
1637 902 1837 955 equum

135 972 245 1009 non
262 956 464 1010 crebris
483 957 794 1010 verberibus
811 960 1044 1012 exterret
1057 958 1309 1011 domandi
1332 959 1539 1027 peritus
1552 960 1832 1030 magister3

132 1031 227 1084 fiet
257 1030 399 1084 enim
422 1031 807 1085 formidolosus
833 1035 887 1086 et
912 1036 1216 1103 contuma1‚
1241 1032 1347 1085 nisi
1372 1051 1494 1086 eum
1525 1032 1834 1087 blandiente

132 1108 280 1159 tactu
311 1105 670 1176 permulseris.
709 1105 861 1160 Idem
892 1107 1023 1161 facit
1053 1107 1146 1161 ille
1177 1110 1414 1177 venator,
1447 1107 1649 1178 quique
1681 1107 1834 1162 insti·
1866 1122 1892 1161 5

130 1180 239 1234 tuit
268 1181 474 1234 catulos
507 1181 735 1252 vestigia
768 1181 920 1252 sequi
954 1182 1156 1253 quique
1188 1182 1295 1235 iam
1321 1182 1630 1236 exercitatis
1661 1184 1835 1236 utitur

61 1273 105 1307 ιι
128 1255 195 1308 ad
234 1254 543 1309 excitandas
582 1257 669 1309 vel
709 1256 1104 1327 persequendas
1143 1256 1305 1311 feras:
1345 1275 1443 1311 nec
1491 1257 1675 1311 crebro
1723 1257 1832 1312 illis

129 1329 369 1383 minatur
405 1327 727 1401 (contundet
773 1332 916 1385 enim
961 1332 1170 1385 animos
1212 1334 1290 1401 et,
1330 1332 1594 1402 quidquid
1634 1335 1717 1386 est
1754 1333 1833 1386 in-

129 1404 283 1473 dolis,
315 1405 692 1460 conminuetur
722 1406 1084 1476 trepidatione
1117 1405 1391 1478 degeneri)
1423 1425 1523 1461 nec
1554 1407 1830 1462 licentiam

127 1478 359 1551 vagandi
397 1481 717 1551 errandique
755 1481 955 1550 passim
997 1481 1257 1536 concedit.
1319 1480 1540 1536 Adicias
1580 1482 1668 1536 his
1706 1482 1836 1537 licet

125 1554 363 1608 tardiora
408 1558 630 1626 agentes
678 1555 939 1624 iumenta,
988 1575 1125 1627 quae
1174 1574 1295 1610 cum
1337 1556 1404 1610 ad
1447 1556 1833 1611 contumeliam

55 1647 101 1681 no
124 1632 179 1683 et
218 1629 461 1684 miserias
507 1633 637 1684 nata
682 1631 813 1699 sint,
860 1630 1028 1684 nimia
1076 1631 1299 1686 saevitia
1340 1635 1605 1704 cogantur
1643 1632 1832 1704 iugum

124 1703 437 1758 detractare.

195 1777 422 1833 Nullum
466 1779 666 1833 animal
708 1780 978 1834 morosius
1021 1784 1125 1850 est,
1172 1783 1384 1835 nullum
1431 1781 1634 1836 maiore
1678 1785 1793 1836 arte
1835 1791 1857 1832 1
1883 1786 2012 1833 XVII

127 1853 470 1907 tractandum
503 1873 667 1924 quam
698 1854 888 1924 hom0,
925 1856 1062 1910 nulli
1095 1856 1269 1927 magis
1300 1856 1645 1926 parcendum.
1694 1856 1834 1920 Quid

123 1928 266 1982 enim
298 1931 382 1982 est
413 1928 636 1984 stultius
668 1947 829 1999 quam
871 1931 929 1983 in
959 1930 1215 1985 iumentis
1257 1931 1473 2001 quidem
1514 1934 1568 1985 et
1609 1931 1830 1985 canibus

56 2022 99 2057 ιο
123 2002 436 2073 erubescere
468 2003 576 2057 iras
608 2022 870 2073 exercere,
899 2005 1133 2075 pessima
1165 2008 1343 2059 autem
1384 2006 1698 2061 condicione
1731 2007 1831 2061 sub

64 2082 76 2095 ⁸
124 2078 332 2132 homine
362 2078 635 2133 hominem
668 2079 825 2133 esse?
855 2078 1061 2135 Morbis
1094 2080 1371 2134 medemur
1399 2098 1499 2135 nec
1530 2081 1832 2153 irascimur3

195 2263 220 2298 a
250 2256 301 2300 et
331 2267 386 2299 ex
418 2257 456 2297 A
569 2263 594 2298 ⁸
626 2257 897 2313 compescat
927 2259 965 2300 A
1078 2256 1195 2302 Uter
1224 2260 1310 2301 ΠΒ
1342 2257 1513 2302 Utrum
1546 2261 1577 2302 0
1691 2266 1715 2302 4
1747 2258 1830 2315 qui

119 2327 206 2360 om.
237 2319 271 2358 1.
393 2314 694 2360 excarnificat
724 2319 761 2359 A
890 2324 915 2360 ο
946 2315 1106 2362 oculos
1138 2316 1247 2360 ΡΒ.
1376 2321 1424 2362 et
1456 2318 1524 2375 (in
1554 2318 1646 2373 fine
1675 2332 1831 2364 versus

117 2377 173 2429 1)
213 2373 439 2419 recundia
468 2378 555 2418 u
707 2383 727 2418 7
760 2375 907 2421 malet
938 2376 1035 2435 My.
1190 2376 1611 2434 centurionumque
1649 2377 1710 2421 8¹

116 2440 142 2476 s
184 2433 454 2493 ignoscetur
487 2435 607 2493 Wey.
659 2435 823 2495 (uon)
867 2435 963 2494 ign.
998 2436 1229 2482 Rossbach
1386 2445 1412 2480 θ
1454 2436 1694 2494 Numquid
1739 2450 1829 2484 nae

116 2497 203 2537 n
226 2505 334 2538 nam
359 2493 443 2539 del.
463 2494 575 2539 ΒΜ.
695 2503 742 2538 1⁸
766 2494 883 2540 facis
907 2495 968 2539 Β*
1081 2495 1163 2542 ille
1186 2509 1271 2542 om.
1295 2499 1460 2541 Arm*
1573 2497 1770 2555 quisque
1793 2502 1826 2542 1.

191 2561 237 2597 u
270 2552 455 2599 catulo·
486 2567 571 2599 om.
603 2558 637 2598 1.
789 2554 965 2613 quique
998 2554 1144 2600 etiam
1173 2561 1207 2600 1.
1358 2564 1406 2600 10
1437 2557 1755 2602 contundetur
1787 2570 1826 2603 e.

117 2611 302 2658 animun
325 2617 359 2657 1.
481 2621 527 2657 18
552 2612 811 2671 orandique
834 2618 920 2660 RB
1032 2623 1079 2660 ιο
1105 2615 1292 2675 agentis
1316 2619 1402 2660 n
1516 2615 1826 2662 contumelias

115 2675 239 2716 Ar?
373 2681 424 2717 no
454 2672 691 2718 miseriam
722 2678 757 2718 Ι.
894 2677 1124 2733 cogentur
1154 2678 1191 2719 A
1236 2678 1468 2732 coguntur
1499 2681 1533 2720 r
1668 2685 1713 2721 81
1747 2677 1826 2722 de-

115 2732 316 2777 trectare
346 2735 512 2777 Aur
646 2742 695 2777 ss
727 2733 902 2779 animal
934 2749 1019 2781 om.
1051 2739 1122 2779 Ias
1243 2735 1411 2781 maiori
1445 2741 1471 2779 Β
1593 2745 1641 2780 84
1674 2736 1824 2782 carni-

116 2789 203 2836 bus
232 2791 296 2836 1¹²
438 2800 488 2837 ιι
519 2792 614 2837 iras
646 2806 715 2838 ex.
748 2807 832 2839 om.
864 2798 897 2838 1.
1031 2794 1288 2852 pessimam
1321 2800 1381 2840 au
1415 2795 1732 2842 conditionem
1763 2795 1826 2841 1¹¹

189 2858 240 2895 κ
270 2850 459 2897 homine
490 2851 612 2897 hom.
640 2853 750 2910 Lps.
786 2853 974 2899 homine
999 2858 1038 2898 u
1068 2854 1256 2900 homine
1289 2855 1495 2912 (nomine
1517 2858 1568 2912 1.)
1596 2859 1627 2900 0
1659 2855 1825 2902 iubere

116 2908 353 2956 homiuem
383 2911 608 2958 Schultess
