2020 3132
212 70 252 114 X
886 65 1227 110 PRAEFATIO

288 211 432 259 Talia
463 208 641 257 menda
672 224 784 256 raro
816 223 992 256 manus
1024 207 1203 270 prima,
1233 207 1337 254 fere
1369 222 1562 269 semper
1583 200 1659 255 Ν2
1683 207 1906 255 correxit.

213 284 355 342 Quod
380 283 591 333 scribam
616 285 884 344 utcumque
909 282 1109 331 doctum
1133 281 1280 329 facile
1305 296 1392 328 suo
1418 282 1617 345 ingenio
1641 283 1802 330 facere
1818 298 1907 344 po-

211 361 366 408 tuisse
391 358 553 420 quivis
579 358 889 406 assentietur.
927 356 1166 404 Attamen
1189 355 1309 404 haec
1332 373 1395 403 m.
1423 357 1453 403 2
1481 355 1632 403 etiam
1654 372 1810 405 novas
1832 357 1908 404 in-

211 435 362 483 trusit
392 433 646 492 lectiones,
674 447 796 493 quas
822 448 878 478 ex
905 431 1074 479 eodem
1108 430 1245 478 fonte
1271 429 1505 478 oriundas
1538 445 1642 478 esse
1665 447 1766 478 non
1788 430 1908 478 item
1939 452 1942 454 “

213 508 464 569 concedas,
490 523 601 556 cum
627 508 716 554 aut
738 505 890 554 verba
914 506 1096 554 omissa
1119 506 1251 553 recte
1276 504 1618 567 suppleantur,
1634 506 1692 551 ut
1710 506 1795 566 25,
1813 507 1907 566 273

215 585 381 645 27,1,
417 583 502 642 99,
530 581 740 642 7,104,
768 582 821 643 3,
860 581 980 637 109,
1009 579 1641 644 12,124,19,22,125,
1669 580 1908 641 15,128,

216 659 306 718 10,
335 658 456 717 139,
483 657 575 717 22,
604 656 724 711 142,
752 656 820 702 24
847 655 924 717 aL,
951 656 1038 702 aut
1061 654 1209 701 nimis
1233 669 1444 718 magnae
1469 653 1570 702 sint
1593 653 1910 717 mutationes,

211 735 268 780 ut
302 733 386 792 18,
422 733 475 791 6,
518 731 639 793 111,
675 730 765 791 16,
810 730 930 790 169,
967 730 1056 790 26,
1093 730 1216 789 221,
1251 730 1317 776 13
1353 728 1433 788 61.,
1464 732 1553 776 aut
1585 743 1730 776 sensu
1760 728 1908 790 plane

213 821 381 854 cassae
423 806 472 852 et
508 806 696 861 inanes,
727 806 784 852 ut
817 805 866 863 4,
901 804 991 865 15,
1035 805 1118 863 13,
1154 803 1244 864 13,
1279 803 1363 864 33,
1399 804 1489 863 19,
1524 804 1610 863 42,
1644 803 1698 863 8,
1735 804 1819 863 50,
1852 804 1908 864 4,

216 882 299 937 74,
329 883 383 941 1,
419 881 541 940 109,
568 881 659 940 27,
698 879 818 939 112,
845 879 1170 939 5,155,11,
1207 878 1327 938 164,
1355 878 1409 939 9,
1438 878 1559 938 194,
1587 878 1827 938 13,198,
1855 879 1908 938 6,

214 957 337 1015 200,
358 955 441 1016 14,
460 955 548 1002 aut
571 954 710 1001 nulla
735 953 935 1001 omnino
961 953 1208 1001 exstiterit
1231 951 1534 999 immutandi
1558 967 1723 1013 causa,
1746 954 1807 999 ut
1824 953 1908 1012 40,

215 1031 306 1092 12,
340 1030 426 1086 47,
454 1028 544 1088 25,
580 1029 665 1084 60,
693 1028 784 1089 28,
820 1029 910 1088 68,
935 1028 991 1088 4,
1026 1028 1148 1088 141,
1174 1028 1241 1074 21
1271 1026 1333 1074 al.
1383 1026 1605 1083 Quarum
1629 1026 1693 1074 ad
1717 1027 1907 1074 61111616-

213 1104 394 1152 andam
427 1103 671 1167 originem
704 1102 828 1150 61163
861 1116 1165 1150 arcessamus
1196 1116 1392 1149 necesse
1427 1102 1502 1149 est
1532 1103 1699 1149 testes.

285 1179 333 1226 Ν
335 1177 621 1227 azarianum
643 1193 744 1224 non
766 1175 913 1224 modo
939 1175 1184 1238 optimum
1208 1175 1294 1223 sed
1317 1176 1518 1224 unicum
1536 1176 1715 1224 criseos
1734 1175 1909 1223 funda-

211 1254 433 1301 mentum
466 1267 570 1300 esse
603 1250 749 1300 Gertz
780 1251 1034 1313 professus
1066 1251 1120 1297 in
1153 1249 1340 1298 edendo
1365 1249 1660 1312 philosopho
1684 1250 1777 1298 hoc
1802 1250 1907 1298 solo

212 1328 378 1376 codice
410 1327 487 1374 uti
518 1326 680 1375 voluit
711 1326 950 1390 neglectis
975 1325 1101 1390 aliis,
1127 1339 1252 1386 quos
1279 1320 1357 1372 ‘ex
1380 1325 1490 1386 ipso
1514 1324 1561 1372 N
1565 1323 1796 1372 azariano
1822 1326 1910 1372 aut

212 1419 269 1451 ex
289 1402 455 1451 codice
478 1401 627 1464 plane
652 1402 847 1464 gemino
874 1395 1164 1461 descriptos’
1189 1399 1378 1447 nullius
1394 1398 1546 1461 pretii
1561 1398 1786 1460 putabat.
1813 1397 1910 1447 Sed

210 1479 332 1526 haec
373 1492 451 1525 res
491 1475 621 1524 male
661 1477 706 1523 ei
749 1476 907 1523 cessit.
970 1474 1102 1522 Nam
1133 1474 1238 1536 ipse
1271 1490 1467 1536 quoque
1497 1489 1596 1522 non
1626 1489 1740 1521 1616
1772 1473 1910 1522 1111161

211 1554 287 1601 3111
318 1551 436 1599 libri
467 1566 558 1614 ope
592 1549 860 1598 destitutus
892 1549 1190 1597 medicinam
1215 1564 1273 1596 ex
1296 1548 1590 1596 lectionibus
1615 1547 1666 1595 in
1690 1547 1909 1596 Fickerti

210 1627 460 1690 indigesto
486 1627 733 1688 apparatu
758 1623 1062 1673 coacervatis
1090 1624 1298 1672 ascitam
1322 1623 1551 1685 arripuit,
1577 1638 1714 1685 quas,
1738 1625 1796 1670 ut
1821 1637 1908 1670 suo

211 1703 367 1750 staret
396 1701 521 1762 loco,
553 1700 860 1748 coniecturas
894 1714 997 1747 esse
1022 1700 1244 1747 virorum
1267 1698 1524 1746 doctorum
1548 1697 1657 1746 aevi
1683 1697 1814 1759 quod
1837 1697 1908 1745 di-

211 1778 342 1826 citur
372 1775 524 1824 medii
554 1773 927 1837 pronuntiabat.
975 1773 1241 1821 Praeterea
1272 1773 1325 1820 in
1350 1772 1452 1820 alia
1474 1788 1527 1820 re
1552 1772 1784 1835 deceptus
1810 1773 1909 1833 est,

210 1868 327 1899 nam
368 1851 607 1898 sexcentis
646 1848 783 1909 locis,
814 1847 900 1896 ubi
941 1864 970 1895 a
1007 1847 1126 1895 libri
1166 1849 1243 1896 sui
1273 1846 1435 1896 verbis
1466 1846 1669 1895 traditis
1701 1845 1910 1904 descivit

213 1926 506 1974 coniecturis
530 1925 752 1973 veterum
779 1923 1026 1971 editorum
1050 1924 1276 1984 receptis,
1302 1937 1428 1984 quas
1453 1921 1580 1985 siglo
1596 1936 1669 1982 vy.
1688 1913 1783 1987 (=
1802 1921 1908 1969 vul-

211 1993 298 2067 go)
338 2000 550 2060 notavit,
587 1999 678 2046 has
719 2013 916 2060 quoque
955 2012 1139 2061 magna
1179 2013 1236 2045 ex
1268 1998 1410 2059 parte
1443 1996 1640 2058 quidem
1672 1996 1907 2044 lectiones

212 2090 314 2124 esse
347 2074 573 2123 codicum
605 2087 899 2137 cognoscere
930 2072 1189 2134 potuisset,
1219 2072 1319 2120 nisi
1341 2071 1612 2119 Nazariani
1635 2085 1802 2119 amore
1826 2069 1910 2118 ab·

212 2150 388 2198 ductus
421 2150 544 2197 alios
576 2148 726 2196 nimis
759 2146 1154 2209 contempsisset3
1189 2147 1259 2194 sic
1290 2148 1348 2193 ut
1378 2160 1540 2207 pauca
1571 2145 1796 2207 exempla
1827 2144 1908 2193 de-

211 2241 451 2287 promam,
482 2223 535 2271 in
567 2223 672 2271 solo
705 2223 869 2284 capite
892 2222 1070 2269 ultimo
1095 2221 1148 2268 in
1171 2220 1312 2269 libris
1336 2218 1687 2282 manuscriptis
1713 2221 1910 2268 exstant

214 2300 336 2360 250,
365 2300 432 2347 10
463 2299 702 2346 rationem
722 2298 787 2345 13
822 2297 956 2345 debet
983 2298 1048 2344 18
1081 2297 1286 2356 iynoscit
1310 2296 1376 2343 19
1411 2310 1462 2344 se
1485 2295 1611 2354 quod
1630 2295 1751 2355 251,
1778 2296 1807 2342 2
1836 2294 1907 2342 di-

209 2376 361 2423 mittet
379 2375 407 2422 6
435 2387 492 2422 ea:
516 2386 668 2434 aequo
697 2373 724 2419 7
760 2375 930 2420 taxare
955 2371 986 2418 8
1011 2371 1175 2419 minus
1202 2372 1231 2418 9
1257 2372 1501 2431 iquoscere
1521 2371 1586 2417 12
1621 2368 1819 2417 dimittit
1838 2369 1903 2416 16

211 2449 428 2497 seruabit
445 2448 510 2495 18
536 2447 637 2495 illis
655 2448 722 2494 22
741 2445 928 2494 caelum
947 2447 1013 2494 23
1032 2448 1227 2501 rectum,
1254 2460 1380 2507 61166
1404 2444 1571 2492 omnia
1594 2443 1679 2490 ille
1705 2442 1907 2491 editori-

215 2524 301 2571 bus
317 2522 566 2585 prioribus
584 2521 831 2570 attribuit.
849 2520 1025 2582 Itaque
1043 2535 1155 2568 cum
1169 2519 1256 2568 alii
1273 2518 1434 2567 critici
1450 2519 1697 2581 apparatu
1709 2517 1904 2566 Ficker-

214 2599 252 2646 ti
283 2598 508 2660 inspecto
531 2599 643 2645 tum
666 2595 934 2657 Rossbach,
959 2595 1047 2657 6111
1069 2594 1174 2657 ipse
1198 2594 1472 2656 permultos
1499 2592 1688 2641 codices
1713 2592 1907 2640 evolve-

211 2675 306 2733 rat,
345 2673 392 2720 ei
430 2671 651 2720 oblocuti
681 2671 812 2731 sunt,
843 2669 1047 2731 ipseque
1077 2669 1282 2717 illorum
1314 2666 1620 2732 argumentis
1651 2667 1905 2729 perpensis

212 2763 342 2796 nova
368 2746 589 2795 subsidia
603 2746 730 2793 mihi
745 2743 1080 2806 conquirenda
1097 2759 1199 2792 esse
1216 2742 1456 2806 perspexi.
1506 2739 1647 2797 Quod
1664 2743 1714 2789 et
1728 2740 1903 2789 biblio-

212 2823 467 2870 thecarum
490 2821 853 2883 praefectorum
878 2818 1180 2867 liberalitate
1205 2821 1254 2866 et
1279 2818 1492 2866 aliorum
1515 2831 1722 2877 meaque
1747 2815 1904 2878 ipsius

214 2912 364 2966 opera
380 2895 594 2950 feliciter
612 2894 834 2964 contigit.
849 2893 980 2942 Novi
994 2893 1153 2962 igitur
1166 2892 1357 2946 codices
1370 2891 1495 2944 mihi
1509 2892 1818 2944 accesserunt
1830 2890 1904 2943 hit
