2020 3132
466 47 547 93 DE
577 46 914 94 BENEFIGIIS
944 46 1056 93 ΜΒ.
1087 47 1171 93 VII
1201 47 1330 94 CAP.
1362 53 1539 94 24—26
1742 48 1853 104 203

153 185 525 240 famaverunt?
556 183 695 239 Item
728 184 1013 240 dicendum
1045 187 1148 239 est:
1182 183 1342 238 ‘Male
1372 185 1496 239 istis
1525 185 1767 256 inprobis
1799 189 1855 240 et

153 261 460 330 inportunis
475 260 859 314 beneficiorum
875 277 1095 313 suorum
1110 259 1608 330 quadriplatoribus
1627 261 1851 332 eveniat,

154 335 248 405 qui
278 338 391 388 tam
421 334 618 388 bellam
649 352 777 404 rem,
809 334 1230 388 admonitionem
1257 333 1398 388 inter
1429 335 1648 406 amicOS,
1678 339 1852 391 sustu-

152 410 367 463 lerunt?
420 409 542 480 Ego
579 412 763 463 tamen
800 412 924 462 utar
960 409 1065 463 hoc
1102 409 1218 462 iure
1259 409 1525 464 amicitiae
1563 414 1617 463 et
1655 410 1850 464 benefi-

108 505 128 537 ε
154 484 297 551 cium
330 484 397 537 ab
430 502 494 538 eo
524 487 779 554 repetam,
809 502 840 536 a
871 501 980 554 quo
1010 483 1282 554 petissem,
1315 485 1410 554 qui
1441 485 1661 539 alterius
1693 485 1850 540 bene-

152 559 265 613 ficii
293 558 414 613 loco
446 562 764 628 accepturus
795 562 879 612 est
900 559 1143 628 potuisse
1174 558 1407 614 reddere.
1437 559 1751 630 Numquam
1783 579 1849 615 ne
1882 575 1906 614 2

154 652 382 703 querens
412 633 627 704 quidem
660 633 857 688 dicam:

868 707 1133 762 ‘Eiectum
1164 708 1339 779 litore,
1370 712 1616 782 egentem

384 784 571 853 excepi
602 785 657 836 et
686 783 839 854 regni
871 783 1088 837 demens
1118 783 1176 836 in
1207 786 1361 853 parte
1391 783 1600 837 locavi?

85 879 128 912 10
149 854 276 910 Non
306 860 388 910 est
416 858 522 911 ista
551 857 866 927 admonitiO,
889 858 1192 911 convicium
1217 861 1319 925 est3
1349 859 1455 912 hoc
1478 862 1561 913 est
1583 858 1641 912 in
1666 859 1848 913 odium

148 931 405 987 beneficia
440 932 745 1003 perducere,
783 932 887 985 hoc
925 936 1009 985 est
1050 932 1278 1002 efficere,
1317 936 1379 986 ut
1417 933 1693 1005 ingratum
1734 952 1848 988 esse

148 1010 243 1060 aut
270 1006 433 1061 liceat
462 1009 556 1060 aut
593 1006 756 1060 iuvet.
818 1005 962 1061 Satis
1001 1006 1321 1077 abundeque
1359 1010 1440 1061 est
1481 1008 1762 1063 submissis
1796 1012 1849 1063 et

148 1080 504 1135 familiaribus
534 1081 712 1135 verbis
743 1081 1059 1135 memoriam
1091 1100 1360 1136 revocare:

239 1155 318 1210 ‘Si
348 1156 485 1210 bene
517 1156 648 1226 quid
680 1156 743 1209 de
775 1159 829 1210 te
853 1156 1042 1228 merui,
1072 1156 1178 1210 fuit
1208 1160 1303 1211 aut
1334 1157 1436 1211 tibi
1469 1158 1757 1228 quicquam

82 1253 125 1287 ιι
224 1230 379 1285 dulce
408 1231 620 1285 meum.'

148 1304 245 1359 Ille
292 1305 523 1360 invicem
570 1306 736 1360 dicat:
796 1305 1014 1369 ‘Quidni
1052 1307 1346 1360 merueris?
1400 1307 1628 1363 eiectum
1671 1308 1846 1380 litore,

148 1384 395 1450 egentem
428 1380 723 1451 excepisti?

224 1453 350 1509 ‘Sed
389 1454 545 1510 nihil'
586 1456 766 1525 inquit
806 1455 1160 1527 ‘proficimus3
1200 1456 1524 1528 dissimulat,
1557 1457 1759 1512 oblitus
1820 1473 1844 1512 1
1874 1465 2020 1511 XXV]

147 1533 252 1583 est:
285 1530 416 1601 quid
447 1531 621 1585 facere
654 1530 931 1584 debeamP’
964 1530 1185 1595 Quaeris
1210 1550 1323 1586 rem
1347 1533 1581 1587 maxime
1604 1551 1844 1588 necessa--

78 1627 124 1660 20
146 1604 280 1659 riam
314 1609 369 1659 et
399 1604 455 1660 in
479 1624 587 1676 qua
608 1605 746 1659 hanc
778 1606 1057 1659 materiam
1084 1608 1446 1661 consummari
1471 1608 1638 1678 decet,
1663 1627 1842 1679 quem-

145 1679 431 1734 admodum
466 1680 668 1752 ingrati
697 1681 904 1734 ferendi
928 1681 1051 1734 sint.
1083 1681 1304 1735 Placido
1329 1682 1525 1754 anime,
1550 1686 1846 1753 mansueto,

145 1772 359 1826 magne.
390 1753 701 1825 Numquam
733 1759 786 1809 te
817 1758 928 1808 tam
962 1755 1287 1810 inhumanus
1312 1760 1366 1810 et
1390 1757 1657 1812 inmemor
1688 1762 1742 1812 et
1764 1759 1844 1812 in·
1876 1775 1902 1814 2

144 1834 333 1901 gratus
373 1829 629 1894 offendat,
669 1834 731 1884 ut
768 1848 877 1884 non
918 1833 1098 1885 tamen
1146 1831 1352 1886 dedisse
1395 1832 1645 1904 delectet3
1690 1853 1845 1887 num-

145 1922 305 1974 quam
337 1903 395 1959 in
434 1905 530 1958 has
570 1923 728 1959 voces
766 1905 966 1959 iniuria
1002 1906 1249 1976 inpellat:
1283 1906 1511 1962 ‘Vellem
1551 1926 1659 1962 non
1691 1908 1844 1962 fecis-

77 1999 120 2034 ιο
145 1978 294 2032 sem?
325 1977 583 2033 Beneficii
614 1981 696 2034 tui
728 1979 831 2034 tibi
863 1980 1026 2034 etiam
1050 1981 1340 2036 infelicitas
1372 1983 1603 2054 placeat3
1636 2001 1845 2053 semper

144 2053 298 2108 illum
332 2054 651 2123 paenitebit,
691 2054 737 2109 si
777 2058 831 2108 te
862 2072 928 2107 ne
968 2073 1111 2109 nunc
1150 2056 1364 2126 quidem
1403 2058 1654 2128 paenitet.
1716 2057 1845 2113 Non

143 2130 248 2197 est,
289 2127 433 2198 quod
474 2128 791 2201 indigneris,
830 2132 1106 2201 tamquam
1146 2131 1352 2201 aliquid
1392 2133 1518 2187 novi
1566 2133 1842 2203 acciderit3

145 2203 316 2273 magis
356 2202 539 2257 mirari
569 2203 812 2274 deberes,
846 2204 892 2258 si
930 2222 1039 2259 non
1080 2206 1375 2261 accidisset.
1437 2206 1623 2261 Alium
1671 2207 1840 2279 labor,
1874 2224 1900 2264 3

289 2358 315 2395 8
351 2352 476 2411 Ver-9.
502 2353 563 2398 A.
592 2353 668 2398 1V
685 2356 778 2398 373
928 2362 974 2398 14
1007 2354 1135 2414 Verq.
1163 2355 1220 2400 A.
1246 2355 1326 2400 IV
1346 2358 1438 2401 317

217 2479 236 2515 1
267 2469 396 2516 Idem
421 2475 455 2515 0
477 2485 591 2518 corr.
616 2472 752 2519 Gertz
870 2482 895 2518 1
925 2474 1175 2532 quadrupl.
1199 2475 1392 2520 n’nol’
1511 2485 1536 2520 8
1569 2489 1711 2534 quam
1742 2476 1842 2523 bel-

144 2529 289 2575 latem
314 2531 438 2576 adm.
463 2535 549 2576 ΠΒ
580 2532 661 2589 qui
693 2534 793 2578 tam
816 2532 990 2580 bellam
1015 2548 1155 2580 amm.
1181 2539 1257 2579 GP
1287 2549 1400 2582 corr.
1424 2536 1558 2582 Grut.
1680 2545 1703 2581 4
1728 2550 1839 2596 ergo

141 2590 203 2634 1¹
337 2598 363 2634 ο
393 2604 452 2636 ne
483 2604 679 2648 quaeres
719 2592 875 2639 dicam
909 2599 936 2638 8
1072 2603 1118 2639 ιο
1149 2608 1350 2641 ammon.
1395 2595 1537 2641 immo
1581 2595 1841 2643 conuitium

142 2653 219 2694 01³
323 2658 365 2694 n
398 2649 632 2697 adducere
664 2657 692 2696 8
805 2661 852 2698 11
882 2652 1032 2699 libeat
1062 2658 1094 2699 0
1126 2668 1241 2700 corr.
1273 2672 1308 2699 ω
1423 2664 1468 2700 14
1501 2655 1691 2712 quidem
1723 2656 1781 2703 de
1814 2662 1841 2701 8

216 2716 263 2754 18
292 2709 544 2768 recipimus
576 2711 931 2758 dissimulantur
962 2718 988 2758 8
1110 2722 1156 2759 ιο
1188 2713 1361 2761 debeat
1391 2716 1578 2772 quaeris
1611 2721 1637 2760 Β
1677 2715 1838 2762 debeo.

140 2767 239 2815 Iun
271 2783 317 2827 q.
344 2770 479 2817 Geren
591 2780 636 2816 οι
668 2771 845 2830 placito
875 2773 936 2817 1¹
1050 2782 1098 2818 u
1130 2773 1350 2819 iniuriam
1383 2775 1444 2819 ΠΙ
1550 2775 1719 2822 fecisse
1742 2776 1840 2821 ΨΒ

214 2836 266 2874 ⁸⁸
295 2828 510 2875 infelice·
541 2830 603 2875 1¹¹
753 2839 804 2876 u
834 2845 920 2878 nec
951 2836 988 2878 G
1137 2834 1320 2891 penitet
1356 2837 1419 2893 (et
1449 2849 1505 2881 ex
1535 2835 1652 2894 ebit)
1686 2840 1722 2880 G

141 2895 188 2933 η
221 2887 473 2936 cecidisses
506 2895 534 2935 Ι
681 2898 732 2936 ¹8
762 2890 936 2938 debeas
969 2898 996 2937 Β
1034 2892 1272 2939 denideren
1302 2898 1336 2938 Ρ
