2020 3132
565 90 647 136 DE
679 89 1031 136 CLEMENTIA
1061 89 1173 135 LIB.
1204 90 1226 134 1
1257 89 1385 136 CAP.
1418 94 1475 135 20
1760 89 1869 143 237

307 227 503 282 mentis
532 227 787 299 probavit
815 245 928 282 non
964 245 1079 281 rem
1110 227 1379 297 publicam
1423 245 1574 280 suam
1608 245 1746 296 esse,
1778 226 1872 280 sed

171 305 352 431 221?ss
361 302 668 448 {ugffi‘ssb
693 301 826 430 {¹3³5
857 302 984 430 333³
1015 301 1872 447 zssdggsssfffufffggffl⁰guggffg

973 419 989 447 7
1289 419 1303 446 7

171 457 411 506 avertere
440 452 587 518 velit,
618 451 719 506 sub
752 470 859 521 quo
890 451 1115 520 iustitia,
1144 470 1267 523 pax,
1288 451 1564 523 pudicitia,
1597 451 1872 520 securitas,

126 549 147 582 ε
173 527 408 598 dignitas
446 527 664 596 florent,
703 527 803 580 sub
845 544 952 596 quo
994 526 1251 596 opulenta
1291 526 1481 580 civitas
1521 526 1677 596 copia
1707 526 1870 580 bono-

170 620 291 654 rum
324 602 567 655 omnium
599 601 872 655 abundat?
911 599 1028 655 Nec
1058 601 1164 655 alio
1206 601 1386 654 animo
1418 603 1682 655 rectorem
1714 619 1870 654 suum

172 676 436 746 intuetur,
469 694 654 746 quam,
679 676 727 729 si
760 675 815 729 di
846 675 1160 729 inmortales
1192 678 1515 745 potestatem
1549 676 1756 730 visendi
1789 676 1872 728 sui

170 751 387 820 faciant,
419 752 725 805 intueamur
755 754 1069 804 venerantes
1093 750 1450 821 colentesque.
1484 750 1625 814 Quid
1653 751 1870 804 autem?

171 844 280 879 non
317 826 626 895 proximum
667 826 776 880 illis
814 825 992 879 locum
1032 829 1182 879 tenet
1220 826 1289 895 is,
1330 824 1423 895 qui
1462 843 1518 879 se
1551 844 1616 879 ex
1649 825 1868 879 deorum

105 924 149 956 ιο
170 904 363 954 natura
392 900 559 971 gerit,
595 900 867 954 beneficus
907 918 968 953 ac
1006 900 1189 971 largus
1229 903 1282 953 et
1311 901 1370 953 in
1408 900 1600 954 melius
1640 900 1871 970 potens?

169 973 290 1028 Hoc
321 975 613 1046 adfectare,
643 974 747 1028 hoc
787 975 988 1028 imitari
1020 975 1191 1045 decet,
1225 974 1522 1028 maximum
1561 975 1640 1028 ita
1670 974 1872 1044 haberi,

169 1054 232 1103 ut
263 1050 501 1120 optimus
533 1050 696 1104 simul
728 1049 971 1103 habeare.

245 1124 294 1177 A
326 1124 533 1179 duabus
565 1125 741 1179 causis
770 1123 961 1194 punire
999 1123 1251 1194 princeps
1283 1123 1436 1194 solet,
1468 1124 1515 1178 si
1548 1127 1642 1178 aut
1674 1142 1729 1177 se
1760 1124 1873 1177 vin-

171 1198 315 1253 dicat
344 1203 439 1253 aut
469 1199 651 1254 alium.
683 1199 842 1252 Prius
867 1199 932 1252 de
957 1218 1019 1252 ea
1041 1202 1194 1269 parte
1219 1199 1490 1267 disseram,
1525 1217 1661 1269 quae
1692 1201 1871 1268 ipsum

104 1297 147 1331 ιε
172 1274 463 1346 contingit3
495 1273 770 1329 difficilius
802 1277 885 1327 est
916 1274 1060 1329 enim
1084 1273 1367 1342 moderari,
1391 1274 1486 1327 ubi
1511 1274 1685 1328 dolori
1718 1273 1872 1328 debe-

170 1354 260 1403 tur
290 1349 427 1403 ultio
461 1368 619 1419 quam
652 1349 747 1402 ubi
778 1349 1043 1419 exemplo.
1091 1346 1498 1418 Supervacuum
1520 1352 1602 1402 est
1625 1348 1871 1402 hocloco

170 1424 481 1494 admonere,
519 1442 586 1477 ne
624 1424 783 1479 facile
822 1424 1027 1495 credat,
1066 1427 1128 1477 ut
1164 1442 1352 1477 verum
1392 1424 1654 1494 excutiat,
1692 1427 1754 1477 ut
1795 1424 1874 1477 in-

171 1499 452 1553 nocentiae
485 1499 663 1553 faveat
694 1502 764 1568 et,
794 1502 856 1552 ut
886 1498 1164 1568 adpareat,
1193 1517 1304 1552 non
1336 1498 1603 1552 minorem
1636 1499 1725 1571 agi
1755 1516 1870 1552 rem

171 1574 530 1645 periclitantis
563 1592 723 1643 quam
756 1573 949 1627 iudicis
982 1574 1138 1645 sciat3
1180 1573 1285 1627 hoc
1316 1574 1457 1628 enim
1491 1574 1558 1627 ad
1590 1573 1870 1643 iustitiam,

104 1672 149 1706 ιο
169 1668 281 1704 ιιοιι
319 1649 387 1702 ad
426 1649 762 1703 clementiam
803 1649 1060 1719 pertinet;
1097 1666 1242 1703 nunc
1280 1650 1433 1703 illum
1466 1648 1771 1716 hortamur,
1808 1652 1871 1702 ut

172 1723 457 1778 manifeste
489 1724 666 1778 laesus
690 1724 930 1777 animum
955 1723 1012 1776 in
1035 1727 1304 1794 potestate
1327 1723 1525 1777 habeat
1548 1726 1601 1777 et
1626 1742 1871 1794 poenam,

171 1798 217 1853 si
249 1803 368 1852 tuto
398 1798 623 1869 poterit,
664 1798 855 1864 donet,
894 1799 940 1852 si
972 1800 1174 1868 minue,
1204 1801 1468 1869 temperet
1498 1800 1766 1870 longeque
1799 1798 1872 1852 sit

171 1875 226 1927 in
258 1875 370 1927 suis
403 1892 563 1944 quam
597 1874 654 1928 in
684 1874 873 1927 alienis
906 1873 1118 1927 iniuriis
1151 1873 1490 1927 exorabilior.
1522 1873 1665 1928 Nam
1690 1892 1871 1944 quem-

6 2015 10 2021 ,
172 1948 459 2003 admodum
492 1967 599 2004 non
633 1953 717 2003 est
747 1949 931 2020 magni
962 1948 1151 2018 animi,
1183 1949 1277 2019 qui
1316 1949 1380 2002 de
1412 1948 1588 2002 alieno
1629 1948 1871 2003 liberalis

105 2046 148 2080 ιο
172 2027 277 2092 est,
316 2023 409 2077 sed
447 2024 562 2095 ille,
601 2024 719 2094 qui,
758 2023 903 2094 quod
942 2024 1100 2077 alteri
1144 2024 1332 2093 donat,
1372 2023 1476 2078 sibi
1507 2023 1767 2095 detrahit,
1798 2022 1874 2076 ita

0 2119 3 2122 ’
171 2066 487 2152 clementem
527 2099 732 2152 vocabo
774 2116 886 2152 non
935 2099 993 2152 in
1035 2098 1210 2153 alieno
1255 2098 1440 2152 dolore
1491 2098 1730 2168 facilem,
1780 2098 1872 2151 sed

172 2191 316 2260 eum,
360 2172 476 2243 qui,
519 2190 642 2226 cum
686 2173 797 2227 suis
837 2172 1073 2227 stimulis
1118 2173 1443 2246 exagitetur,
1487 2191 1598 2227 non
1642 2172 1872 2244 prosilit,

172 2249 264 2319 qui
320 2247 592 2319 intellegit
646 2248 827 2320 magni
883 2249 1050 2302 animi
1104 2266 1219 2303 esse
1270 2248 1495 2302 iniurias
1553 2248 1609 2301 in
1663 2266 1872 2302 summa

172 2323 414 2393 potentia
445 2324 558 2393 pati
591 2340 689 2376 nec
720 2323 1010 2394 quicquam
1042 2341 1157 2377 esse
1189 2323 1481 2395 gloriosius
1521 2322 1766 2394 principe
1797 2322 1872 2377 in·

105 2421 151 2455 ⁸0
173 2416 317 2468 pune
349 2397 505 2451 laese.

173 2530 207 2560 s.
241 2531 285 2573 q.
318 2530 359 2560 v.
391 2515 599 2560 debeat?
629 2515 857 2562 Schultess
887 2529 1023 2561 omne
1054 2515 1181 2573 qnod
1206 2515 1279 2560 illi
1304 2518 1423 2561 cont.
1450 2530 1484 2560 s.
1510 2530 1555 2572 q.
1581 2515 1767 2561 evenire
1791 2515 1873 2561 de-

171 2578 337 2633 putet?
369 2575 599 2622 Erasmus
639 2588 667 2620 o
700 2589 758 2621 ne
799 2575 884 2621 illo
926 2575 1003 2621 cui
1037 2575 1252 2636 (coniti)
1287 2575 1510 2634 contigit,
1553 2575 1643 2620 sibi
1680 2576 1874 2622 Tkomas

247 2645 265 2679 ι
298 2634 519 2693 probabit
543 2636 656 2682 Bur.
787 2644 810 2680 4
842 2634 981 2681 uellit
1002 2639 1043 2679 11
1162 2644 1187 2680 ὅ
1218 2635 1403 2681 floreret
1435 2641 1461 2679 8
1583 2644 1603 2679 ‘1
1637 2635 1872 2680 immorta-

171 2695 262 2740 lem
295 2700 334 2739 1
453 2704 480 2739 ο
510 2709 704 2754 proxum
735 2699 775 2739 Ι
902 2704 943 2740 ιι
977 2695 1093 2740 haec
1124 2695 1205 2740 im.
1235 2700 1269 2739 1.
1391 2694 1616 2741 aemulari
1650 2695 1785 2742 Gertz

172 2764 219 2800 n
238 2755 442 2800 habeare
459 2759 498 2799 Ι
531 2755 762 2801 habeatur
786 2758 818 2799 0
926 2763 972 2799 1⁸
996 2754 1149 2801 solent
1171 2759 1210 2799 11
1302 2755 1342 2800 si
1365 2756 1450 2801 del.
1470 2756 1564 2801 ΒΗ.
1656 2755 1821 2801 uincat
1846 2761 1871 2800 Β

246 2824 291 2860 n
326 2816 384 2861 de
416 2816 520 2873 ipsa
549 2820 667 2860 1101'
788 2823 835 2860 18
866 2818 914 2861 et
943 2830 1027 2861 om.
1060 2819 1179 2859 BL?
1300 2829 1393 2860 non
1424 2819 1510 2859 RB
1541 2817 1594 2859 ut
1625 2829 1718 2860 non
1751 2819 1783 2859 0

173 2875 398 2921 minorem
420 2875 615 2933 (minore
638 2877 742 2934 18)
774 2890 852 2920 ma
889 2875 926 2921 ἰ
951 2879 983 2919 0
1007 2889 1120 2921 corr.
1148 2893 1182 2920 ω
1305 2883 1354 2919 n
1386 2875 1426 2920 si
1458 2890 1518 2920 m.
1543 2879 1619 2919 ns
1651 2875 1723 2920 ein
1754 2889 1813 2921 m.
1842 2880 1872 2919 0

246 2943 297 2981 η
327 2934 628 2981 exortabilior
656 2938 697 2981 Ι
727 2948 867 2980 exora
903 2970 913 2981 .
944 2935 1081 2981 ininr.
1113 2939 1188 2979 11.

1908 1134 2020 1179 1Χῖ
